<DATE>;<TIME>;<LAST>;<VOL>;<ID>;<OPER>
20240207;095936;0.024400000;10000;9558339823;S
20240207;095936;0.024400000;20000;9558339824;S
20240207;095936;0.024400000;10000;9558339825;S
20240207;095936;0.024400000;20000;9558339826;S
20240207;095936;0.024400000;40000;9558339827;S
20240207;095936;0.024400000;20000;9558339828;S
20240207;095936;0.024400000;10000;9558339829;S
20240207;095936;0.024400000;20000;9558339830;S
20240207;095936;0.024400000;10000;9558339831;B
20240207;095936;0.024400000;20000;9558339832;B
20240207;095936;0.024400000;30000;9558339833;B
20240207;095936;0.024400000;10000;9558339834;B
20240207;095936;0.024400000;10000;9558339835;B
20240207;095936;0.024400000;10000;9558339836;B
20240207;095936;0.024400000;10000;9558339837;B
20240207;095936;0.024400000;170000;9558339838;B
20240207;095936;0.024400000;10000;9558339839;B
20240207;095936;0.024400000;10000;9558339840;B
20240207;095936;0.024400000;30000;9558339841;B
20240207;095936;0.024400000;10000;9558339842;B
20240207;095936;0.024400000;640000;9558339843;B
20240207;095936;0.024400000;10000;9558339844;S
20240207;095936;0.024400000;20000;9558339845;S
20240207;095936;0.024400000;1000000;9558339846;S
20240207;095936;0.024400000;10000;9558339847;S
20240207;095936;0.024400000;10000;9558339848;S
20240207;095936;0.024400000;500000;9558339849;B
20240207;095936;0.024400000;30000;9558339850;B
20240207;095936;0.024400000;1780000;9558339851;B
20240207;095936;0.024400000;120000;9558339852;B
20240207;095936;0.024400000;10000;9558339853;S
20240207;095936;0.024400000;30000;9558339854;S
20240207;095936;0.024400000;20000;9558339855;S
20240207;095936;0.024400000;120000;9558339856;S
20240207;095936;0.024400000;20000;9558339857;S
20240207;095936;0.024400000;40000;9558339858;S
20240207;095936;0.024400000;150000;9558339859;B
20240207;095936;0.024400000;80000;9558339860;B
20240207;095936;0.024400000;630000;9558339861;B
20240207;095936;0.024400000;20000;9558339862;B
20240207;095936;0.024400000;10000;9558339863;B
20240207;095936;0.024400000;30000;9558339864;B
20240207;095936;0.024400000;10000;9558339865;B
20240207;095936;0.024400000;10000;9558339866;B
20240207;095936;0.024400000;230000;9558339867;B
20240207;095936;0.024400000;20000;9558339868;B
20240207;095936;0.024400000;10000;9558339869;B
20240207;095936;0.024400000;50000;9558339870;B
20240207;095936;0.024400000;150000;9558339871;B
20240207;095936;0.024400000;700000;9558339872;B
20240207;095936;0.024400000;220000;9558339873;B
20240207;095936;0.024400000;20000;9558339874;B
20240207;095936;0.024400000;10000;9558339875;B
20240207;095936;0.024400000;140000;9558339876;B
20240207;095936;0.024400000;290000;9558339877;B
20240207;095936;0.024400000;20000;9558339878;B
20240207;095936;0.024400000;20000;9558339879;B
20240207;095936;0.024400000;330000;9558339880;B
20240207;095936;0.024400000;40000;9558339881;B
20240207;095936;0.024400000;70000;9558339882;B
20240207;095936;0.024400000;10000;9558339883;B
20240207;095936;0.024400000;270000;9558339884;B
20240207;095936;0.024400000;10000;9558339885;B
20240207;095936;0.024400000;10000;9558339886;B
20240207;095936;0.024400000;80000;9558339887;S
20240207;095936;0.024400000;40000;9558339888;S
20240207;095936;0.024400000;110000;9558339889;S
20240207;095936;0.024400000;1000000;9558339890;B
20240207;095936;0.024400000;1000000;9558339891;S
20240207;095936;0.024400000;10000;9558339892;S
20240207;095936;0.024400000;10000;9558339893;B
20240207;095936;0.024400000;20000;9558339894;B
20240207;095936;0.024400000;150000;9558339895;B
20240207;095936;0.024400000;20000;9558339896;B
20240207;095936;0.024400000;40000;9558339897;B
20240207;095936;0.024400000;100000;9558339898;B
20240207;095936;0.024400000;1000000;9558339899;B
20240207;095936;0.024400000;1590000;9558339900;B
20240207;095936;0.024400000;10000;9558339901;S
20240207;095936;0.024400000;10000;9558339902;S
20240207;095936;0.024400000;20000;9558339903;S
20240207;095936;0.024400000;70000;9558339904;S
20240207;095936;0.024400000;40000;9558339905;S
20240207;095936;0.024400000;200000;9558339906;S
20240207;095936;0.024400000;10000;9558339907;S
20240207;095936;0.024400000;20000;9558339908;B
20240207;095936;0.024400000;20000;9558339909;B
20240207;095936;0.024400000;10000;9558339910;B
20240207;095936;0.024400000;20000;9558339911;B
20240207;095936;0.024400000;50000;9558339912;B
20240207;095936;0.024400000;930000;9558339913;B
20240207;095936;0.024400000;1000000;9558339914;S
20240207;095936;0.024400000;30000;9558339915;S
20240207;095936;0.024400000;100000;9558339916;S
20240207;095936;0.024400000;2940000;9558339917;S
20240207;095936;0.024400000;2000000;9558339918;S
20240207;095936;0.024400000;60000;9558339919;S
20240207;095936;0.024400000;10000;9558339920;S
20240207;095936;0.024400000;30000;9558339921;S
20240207;095936;0.024400000;10000;9558339922;S
20240207;095936;0.024400000;10000;9558339923;S
20240207;095936;0.024400000;10000;9558339924;S
20240207;095936;0.024400000;40000;9558339925;S
20240207;095936;0.024400000;470000;9558339926;S
20240207;095936;0.024400000;10000;9558339927;S
20240207;095936;0.024400000;9000000;9558339928;B
20240207;095936;0.024400000;1300000;9558339929;S
20240207;100002;0.024400000;15550000;9558347331;B
20240207;100002;0.024400000;20000;9558347653;B
20240207;100002;0.024395000;1000000;9558347738;S
20240207;100002;0.024395000;640000;9558347739;S
20240207;100003;0.024395000;1000000;9558348005;S
20240207;100003;0.024390000;300000;9558348006;S
20240207;100003;0.024390000;940000;9558348007;S
20240207;100003;0.024395000;50000;9558348149;S
20240207;100003;0.024395000;1000000;9558348264;S
20240207;100003;0.024390000;9000000;9558348265;S
20240207;100003;0.024400000;10000;9558348305;B
20240207;100003;0.024400000;30000;9558348309;B
20240207;100003;0.024395000;100000;9558348349;S
20240207;100004;0.024395000;500000;9558348390;S
20240207;100004;0.024395000;200000;9558348526;S
20240207;100004;0.024395000;10000;9558348815;S
20240207;100004;0.024395000;10000;9558348816;S
20240207;100004;0.024395000;40000;9558348818;S
20240207;100004;0.024400000;30000;9558348819;B
20240207;100004;0.024400000;10000;9558348821;B
20240207;100004;0.024400000;10000;9558348823;B
20240207;100004;0.024400000;10000;9558348825;B
20240207;100005;0.024400000;50000;9558349139;B
20240207;100005;0.024400000;10000;9558349140;B
20240207;100005;0.024400000;10000;9558349142;B
20240207;100005;0.024395000;10000;9558349144;S
20240207;100005;0.024395000;10000;9558349234;S
20240207;100005;0.024400000;100000;9558349235;B
20240207;100005;0.024400000;10000;9558349236;B
20240207;100005;0.024395000;110000;9558349573;S
20240207;100005;0.024395000;820000;9558349574;S
20240207;100005;0.024395000;1080000;9558349575;S
20240207;100005;0.024400000;10000;9558349578;B
20240207;100005;0.024400000;20000;9558349748;B
20240207;100005;0.024395000;10000000;9558349801;S
20240207;100005;0.024400000;30000;9558350017;B
20240207;100005;0.024395000;20000;9558350018;S
20240207;100005;0.024400000;10000;9558350278;B
20240207;100005;0.024400000;10000;9558350281;B
20240207;100005;0.024400000;50000;9558350284;B
20240207;100005;0.024400000;10000;9558350322;B
20240207;100005;0.024400000;100000;9558350325;B
20240207;100005;0.024400000;10000;9558350327;B
20240207;100005;0.024395000;10000;9558350328;S
20240207;100005;0.024400000;10000;9558350330;B
20240207;100005;0.024395000;100000;9558350405;S
20240207;100005;0.024395000;30000;9558350406;S
20240207;100005;0.024400000;10000;9558350558;B
20240207;100005;0.024395000;40000;9558350559;S
20240207;100005;0.024400000;10000;9558350711;B
20240207;100006;0.024395000;10000;9558350859;S
20240207;100006;0.024400000;10000;9558350860;B
20240207;100006;0.024395000;10000;9558350861;S
20240207;100006;0.024395000;310000;9558350862;S
20240207;100006;0.024395000;310000;9558350863;S
20240207;100006;0.024400000;10000;9558350864;B
20240207;100006;0.024395000;210000;9558350865;S
20240207;100006;0.024395000;60000;9558350866;S
20240207;100006;0.024395000;10000;9558351003;S
20240207;100006;0.024400000;10000;9558351004;B
20240207;100006;0.024395000;50000;9558351005;S
20240207;100006;0.024400000;20000;9558351006;B
20240207;100006;0.024400000;10000;9558351007;B
20240207;100006;0.024400000;10000;9558351008;B
20240207;100006;0.024400000;50000;9558351012;B
20240207;100006;0.024395000;4500000;9558351014;S
20240207;100006;0.024395000;1000000;9558351015;S
20240207;100006;0.024395000;12290000;9558351016;S
20240207;100006;0.024395000;2130000;9558351017;S
20240207;100006;0.024395000;100000;9558351018;S
20240207;100006;0.024390000;60000;9558351019;S
20240207;100006;0.024390000;20000;9558351020;S
20240207;100006;0.024390000;5000000;9558351021;S
20240207;100006;0.024390000;10000;9558351022;S
20240207;100006;0.024390000;10000000;9558351023;S
20240207;100006;0.024390000;60000;9558351024;S
20240207;100006;0.024390000;10000;9558351025;S
20240207;100006;0.024390000;5670000;9558351026;S
20240207;100006;0.024390000;1000000;9558351027;S
20240207;100006;0.024390000;10000;9558351028;S
20240207;100006;0.024390000;240000;9558351029;S
20240207;100006;0.024390000;10000;9558351030;S
20240207;100006;0.024390000;10000;9558351031;S
20240207;100006;0.024390000;10000;9558351032;S
20240207;100006;0.024390000;10000;9558351033;S
20240207;100006;0.024390000;10000;9558351034;S
20240207;100006;0.024390000;10000;9558351035;S
20240207;100006;0.024390000;25000000;9558351036;S
20240207;100006;0.024390000;50000;9558351038;B
20240207;100006;0.024385000;50000;9558351207;S
20240207;100006;0.024390000;50000;9558351208;B
20240207;100006;0.024385000;10000;9558351392;S
20240207;100006;0.024385000;10000;9558351452;S
20240207;100006;0.024385000;760000;9558351453;S
20240207;100006;0.024390000;40000;9558351558;B
20240207;100006;0.024390000;20000;9558351559;B
20240207;100006;0.024390000;40000;9558351560;B
20240207;100006;0.024390000;10000;9558351600;B
20240207;100006;0.024390000;10000;9558351658;B
20240207;100006;0.024390000;10000;9558351659;B
20240207;100006;0.024390000;10000;9558351660;B
20240207;100006;0.024385000;30000;9558351661;S
20240207;100007;0.024385000;10000;9558351830;S
20240207;100007;0.024385000;100000;9558351843;S
20240207;100007;0.024390000;10000;9558351896;B
20240207;100007;0.024390000;20000;9558352040;B
20240207;100007;0.024390000;10000;9558352041;B
20240207;100007;0.024385000;30000;9558352042;S
20240207;100007;0.024390000;10000;9558352043;B
20240207;100007;0.024385000;10000;9558352044;S
20240207;100009;0.024385000;90000;9558352329;S
20240207;100009;0.024385000;60000;9558352388;S
20240207;100010;0.024385000;60000;9558352643;S
20240207;100010;0.024390000;2920000;9558352725;B
20240207;100011;0.024385000;20000;9558353010;S
20240207;100011;0.024390000;510000;9558353018;B
20240207;100014;0.024390000;10000000;9558353941;B
20240207;100014;0.024390000;10000;9558353981;B
20240207;100015;0.024390000;560000;9558354091;B
20240207;100016;0.024390000;4000000;9558354657;B
20240207;100018;0.024390000;10000;9558355121;B
20240207;100021;0.024385000;20000;9558355909;S
20240207;100024;0.024385000;100000;9558356486;S
20240207;100024;0.024385000;10000;9558356712;S
20240207;100026;0.024385000;130000;9558356914;S
20240207;100028;0.024390000;10000;9558357552;B
20240207;100029;0.024390000;10000;9558357680;B
20240207;100030;0.024385000;600000;9558357831;S
20240207;100030;0.024385000;30000;9558357951;S
20240207;100031;0.024390000;2500000;9558358297;B
20240207;100032;0.024390000;40000;9558358681;B
20240207;100033;0.024390000;10000;9558358867;B
20240207;100033;0.024385000;40000;9558358897;S
20240207;100033;0.024390000;15000000;9558358979;B
20240207;100035;0.024390000;50000000;9558359437;B
20240207;100035;0.024385000;10000;9558359519;S
20240207;100036;0.024385000;50000;9558359928;S
20240207;100040;0.024385000;50000;9558360798;S
20240207;100041;0.024390000;10000;9558361033;B
20240207;100043;0.024390000;30000;9558361418;B
20240207;100044;0.024390000;41000000;9558361804;B
20240207;100044;0.024390000;50000000;9558361847;B
20240207;100044;0.024390000;10000;9558361938;B
20240207;100045;0.024390000;200000;9558362116;B
20240207;100046;0.024390000;50000000;9558362275;B
20240207;100047;0.024390000;3800000;9558362457;B
20240207;100048;0.024390000;100000;9558362669;B
20240207;100053;0.024385000;5090000;9558363768;S
20240207;100054;0.024390000;13000000;9558363889;B
20240207;100054;0.024385000;500000;9558363934;S
20240207;100055;0.024385000;20000;9558364078;S
20240207;100055;0.024385000;20000;9558364087;S
20240207;100055;0.024390000;1940000;9558364138;B
20240207;100056;0.024390000;77770000;9558364173;B
20240207;100056;0.024390000;6000000;9558364174;B
20240207;100056;0.024390000;3110000;9558364175;B
20240207;100056;0.024390000;10000;9558364176;B
20240207;100056;0.024390000;50000;9558364177;B
20240207;100056;0.024390000;2830000;9558364188;S
20240207;100056;0.024390000;1000000;9558364189;S
20240207;100056;0.024390000;5670000;9558364190;S
20240207;100056;0.024390000;12310000;9558364191;S
20240207;100056;0.024390000;4110000;9558364192;S
20240207;100056;0.024385000;74080000;9558364193;S
20240207;100056;0.024395000;10000;9558364340;B
20240207;100056;0.024400000;2160000;9558364341;B
20240207;100056;0.024395000;10000;9558364370;S
20240207;100058;0.024400000;10000;9558364607;B
20240207;100058;0.024400000;50000;9558364883;B
20240207;100100;0.024400000;10000;9558365295;B
20240207;100100;0.024400000;80000;9558365387;B
20240207;100101;0.024400000;30000;9558365531;B
20240207;100102;0.024395000;40000;9558365752;S
20240207;100102;0.024395000;10000;9558365772;S
20240207;100105;0.024395000;30000;9558366170;S
20240207;100105;0.024400000;20000;9558366172;B
20240207;100105;0.024400000;990000;9558366195;B
20240207;100106;0.024395000;90000;9558366368;S
20240207;100109;0.024395000;10000;9558366872;S
20240207;100111;0.024400000;100000;9558367094;B
20240207;100112;0.024400000;10000;9558367418;B
20240207;100116;0.024395000;1000000;9558368149;S
20240207;100121;0.024395000;10000;9558369082;S
20240207;100122;0.024395000;30000;9558369294;S
20240207;100122;0.024395000;50000;9558369296;S
20240207;100123;0.024400000;410000;9558369416;B
20240207;100124;0.024400000;10000;9558369594;B
20240207;100124;0.024395000;120000;9558369654;S
20240207;100125;0.024395000;70000;9558369801;S
20240207;100129;0.024395000;120000;9558370286;S
20240207;100130;0.024400000;1980000;9558370581;B
20240207;100130;0.024400000;10000;9558370582;B
20240207;100130;0.024400000;40000;9558370583;B
20240207;100130;0.024400000;990000;9558370584;B
20240207;100130;0.024400000;12420000;9558370585;B
20240207;100131;0.024400000;10000;9558370725;B
20240207;100132;0.024400000;60000;9558370856;B
20240207;100132;0.024395000;30000;9558371023;S
20240207;100133;0.024400000;1090000;9558371238;B
20240207;100133;0.024400000;50000;9558371239;B
20240207;100133;0.024400000;100000;9558371240;B
20240207;100133;0.024400000;30000;9558371241;B
20240207;100133;0.024400000;10000;9558371242;B
20240207;100133;0.024400000;10000;9558371243;B
20240207;100133;0.024400000;40000;9558371244;B
20240207;100133;0.024400000;10000;9558371245;B
20240207;100133;0.024400000;10000;9558371246;B
20240207;100133;0.024400000;20000;9558371247;B
20240207;100133;0.024400000;310000;9558371248;B
20240207;100134;0.024395000;210000;9558371275;S
20240207;100141;0.024395000;50000;9558373145;S
20240207;100143;0.024400000;40000;9558373410;B
20240207;100145;0.024400000;10000;9558373734;B
20240207;100146;0.024395000;4210000;9558373870;S
20240207;100146;0.024395000;500000;9558373871;S
20240207;100146;0.024395000;10000;9558373872;S
20240207;100146;0.024395000;1000000;9558373873;S
20240207;100146;0.024395000;100000;9558373874;S
20240207;100146;0.024395000;10000;9558373875;S
20240207;100146;0.024395000;5000000;9558373876;S
20240207;100146;0.024390000;12310000;9558373877;S
20240207;100146;0.024390000;1000000;9558373878;S
20240207;100146;0.024390000;6000000;9558373879;S
20240207;100146;0.024390000;4110000;9558373880;S
20240207;100146;0.024390000;640000;9558373881;S
20240207;100146;0.024390000;5670000;9558373882;S
20240207;100146;0.024385000;359440000;9558373883;S
20240207;100146;0.024390000;2500000;9558373884;S
20240207;100146;0.024390000;1610000;9558373885;S
20240207;100146;0.024385000;390000;9558373886;S
20240207;100147;0.024385000;8180000;9558374049;S
20240207;100147;0.024385000;10000;9558374050;S
20240207;100147;0.024385000;500000;9558374051;S
20240207;100147;0.024385000;1000000;9558374052;S
20240207;100147;0.024385000;20000;9558374053;S
20240207;100147;0.024385000;10000;9558374054;S
20240207;100147;0.024385000;100000;9558374055;S
20240207;100147;0.024385000;1000000;9558374056;S
20240207;100147;0.024385000;40000;9558374057;S
20240207;100147;0.024385000;4110000;9558374058;S
20240207;100147;0.024380000;10000;9558374059;S
20240207;100147;0.024380000;50000;9558374060;S
20240207;100147;0.024380000;10000;9558374061;S
20240207;100147;0.024380000;10000;9558374062;S
20240207;100147;0.024380000;70000;9558374063;S
20240207;100147;0.024380000;10000;9558374064;S
20240207;100147;0.024380000;10000;9558374065;S
20240207;100147;0.024380000;200000;9558374066;S
20240207;100147;0.024380000;50000;9558374067;S
20240207;100147;0.024380000;10000;9558374068;S
20240207;100147;0.024380000;50000;9558374069;S
20240207;100147;0.024380000;10000;9558374070;S
20240207;100147;0.024380000;10000;9558374071;S
20240207;100147;0.024380000;10000;9558374072;S
20240207;100147;0.024380000;20000;9558374073;S
20240207;100147;0.024380000;20000;9558374074;S
20240207;100147;0.024380000;20000;9558374075;S
20240207;100147;0.024380000;40000;9558374076;S
20240207;100147;0.024380000;10000;9558374077;S
20240207;100147;0.024380000;10000;9558374078;S
20240207;100147;0.024380000;20000;9558374079;S
20240207;100147;0.024380000;10000;9558374080;S
20240207;100147;0.024380000;2730000;9558374081;S
20240207;100147;0.024380000;70000;9558374082;S
20240207;100147;0.024380000;80000;9558374083;S
20240207;100147;0.024380000;10000;9558374084;S
20240207;100147;0.024380000;20000;9558374085;S
20240207;100147;0.024380000;40000;9558374086;S
20240207;100147;0.024380000;20000;9558374087;S
20240207;100147;0.024380000;30000;9558374088;S
20240207;100147;0.024380000;10000;9558374089;S
20240207;100147;0.024380000;10000;9558374090;S
20240207;100147;0.024380000;20000;9558374091;S
20240207;100147;0.024380000;440000;9558374092;S
20240207;100147;0.024380000;10000;9558374093;S
20240207;100147;0.024380000;5670000;9558374094;S
20240207;100147;0.024380000;1000000;9558374095;S
20240207;100147;0.024380000;6000000;9558374096;S
20240207;100147;0.024380000;500000;9558374097;S
20240207;100147;0.024380000;1000000;9558374098;S
20240207;100147;0.024380000;7710000;9558374099;S
20240207;100147;0.024380000;3800000;9558374111;S
20240207;100147;0.024380000;50000;9558374123;S
20240207;100148;0.024380000;40000;9558374240;S
20240207;100148;0.024380000;10000;9558374300;S
20240207;100148;0.024380000;30000;9558374307;S
20240207;100152;0.024395000;10000;9558374857;B
20240207;100156;0.024400000;20000;9558375450;B
20240207;100156;0.024390000;30000;9558375456;S
20240207;100156;0.024400000;20000;9558375494;B
20240207;100159;0.024390000;1000000;9558376044;S
20240207;100201;0.024400000;1600000;9558376207;B
20240207;100201;0.024400000;1000000;9558376208;B
20240207;100201;0.024400000;1000000;9558376209;B
20240207;100201;0.024400000;6000000;9558376210;B
20240207;100201;0.024400000;220000;9558376211;B
20240207;100201;0.024400000;10000;9558376212;B
20240207;100201;0.024400000;20170000;9558376288;S
20240207;100202;0.024390000;10000;9558376334;S
20240207;100203;0.024395000;10000;9558376546;B
20240207;100207;0.024400000;100000;9558377347;B
20240207;100209;0.024400000;10000;9558377668;B
20240207;100209;0.024395000;10000;9558377732;S
20240207;100212;0.024395000;10000;9558378092;S
20240207;100213;0.024400000;2000000;9558378300;B
20240207;100216;0.024400000;10000;9558378856;B
20240207;100217;0.024395000;240000;9558379068;S
20240207;100219;0.024395000;440000;9558379406;S
20240207;100219;0.024395000;10000;9558379407;S
20240207;100219;0.024395000;30000;9558379408;S
20240207;100219;0.024390000;340000;9558379409;S
20240207;100220;0.024395000;40000;9558379576;B
20240207;100223;0.024395000;810000;9558380052;B
20240207;100224;0.024395000;120000;9558380078;B
20240207;100225;0.024395000;10000;9558380304;B
20240207;100226;0.024390000;60000;9558380394;S
20240207;100227;0.024395000;20000;9558380600;B
20240207;100227;0.024395000;50000;9558380601;B
20240207;100227;0.024390000;20000;9558380618;S
20240207;100227;0.024395000;10000;9558380628;B
20240207;100228;0.024395000;20000;9558380796;B
20240207;100229;0.024390000;5000000;9558380894;S
20240207;100231;0.024395000;10000;9558381144;B
20240207;100233;0.024395000;20000;9558381570;B
20240207;100235;0.024395000;10000;9558381772;B
20240207;100236;0.024395000;12190000;9558381981;B
20240207;100236;0.024395000;7810000;9558381982;B
20240207;100236;0.024390000;2000000;9558382057;S
20240207;100239;0.024395000;10000;9558382394;B
20240207;100243;0.024395000;10000;9558383167;B
20240207;100243;0.024395000;10000;9558383211;B
20240207;100245;0.024390000;130000;9558383917;S
20240207;100248;0.024390000;20000;9558384385;S
20240207;100248;0.024395000;2800000;9558384497;B
20240207;100250;0.024390000;490000;9558384757;S
20240207;100251;0.024395000;50000;9558384883;B
20240207;100251;0.024395000;2000000;9558384903;B
20240207;100251;0.024395000;40000;9558384917;B
20240207;100253;0.024390000;10000;9558385307;S
20240207;100255;0.024390000;30000;9558385578;S
20240207;100256;0.024395000;30000;9558385726;B
20240207;100256;0.024395000;200000;9558385820;B
20240207;100258;0.024395000;200000;9558385978;B
20240207;100258;0.024390000;5900000;9558386046;S
20240207;100258;0.024395000;20000;9558386089;B
20240207;100258;0.024390000;20000;9558386093;S
20240207;100300;0.024395000;20000;9558386380;B
20240207;100301;0.024395000;100000;9558386491;B
20240207;100302;0.024390000;2140000;9558386556;S
20240207;100304;0.024395000;20000;9558386829;B
20240207;100304;0.024395000;30000;9558386959;B
20240207;100304;0.024390000;60000;9558386987;S
20240207;100306;0.024395000;1760000;9558387324;B
20240207;100306;0.024395000;1000000;9558387325;B
20240207;100306;0.024395000;240000;9558387326;B
20240207;100308;0.024395000;260000;9558387470;B
20240207;100308;0.024390000;70000;9558387505;S
20240207;100308;0.024395000;40000;9558387520;B
20240207;100312;0.024395000;450000;9558388070;B
20240207;100312;0.024390000;10000;9558388171;S
20240207;100314;0.024395000;10000;9558388382;B
20240207;100314;0.024395000;140000;9558388413;B
20240207;100316;0.024395000;10000;9558388758;B
20240207;100317;0.024390000;2310000;9558388775;S
20240207;100317;0.024390000;500000;9558388776;S
20240207;100317;0.024390000;1690000;9558388777;S
20240207;100317;0.024390000;10000;9558388778;S
20240207;100317;0.024390000;400000;9558388779;S
20240207;100317;0.024390000;5090000;9558388780;S
20240207;100317;0.024395000;200000;9558388859;B
20240207;100318;0.024390000;4750000;9558388909;S
20240207;100318;0.024395000;500000;9558388973;B
20240207;100318;0.024395000;10000;9558389053;B
20240207;100319;0.024390000;440000;9558389189;S
20240207;100319;0.024390000;50000;9558389202;S
20240207;100321;0.024395000;200000;9558389561;B
20240207;100322;0.024395000;10000;9558389723;B
20240207;100323;0.024395000;20000;9558389888;B
20240207;100323;0.024395000;10000;9558389950;B
20240207;100324;0.024390000;750000;9558390175;S
20240207;100324;0.024390000;20000;9558390195;S
20240207;100325;0.024395000;70000;9558390234;B
20240207;100326;0.024395000;5000000;9558390384;B
20240207;100326;0.024390000;30000;9558390479;S
20240207;100329;0.024390000;500000;9558390812;S
20240207;100329;0.024390000;1900000;9558390863;S
20240207;100331;0.024390000;10000;9558391169;S
20240207;100332;0.024390000;40000;9558391272;S
20240207;100332;0.024395000;10000;9558391299;B
20240207;100333;0.024395000;100000;9558391428;B
20240207;100334;0.024395000;10000;9558391565;B
20240207;100339;0.024395000;30000;9558392248;B
20240207;100339;0.024390000;50000;9558392272;S
20240207;100339;0.024395000;20000;9558392291;B
20240207;100341;0.024395000;10000;9558392650;B
20240207;100344;0.024395000;10000;9558393469;B
20240207;100344;0.024390000;10000;9558393500;S
20240207;100345;0.024390000;130000000;9558393692;S
20240207;100347;0.024390000;880000;9558393889;S
20240207;100347;0.024395000;20000;9558393912;B
20240207;100347;0.024395000;20000;9558394000;B
20240207;100349;0.024395000;10000;9558394400;B
20240207;100350;0.024390000;10000;9558394452;S
20240207;100350;0.024395000;50000;9558394507;B
20240207;100351;0.024395000;10000;9558394601;B
20240207;100352;0.024390000;5110000;9558394727;S
20240207;100354;0.024395000;10000;9558394991;B
20240207;100354;0.024390000;90000;9558395023;S
20240207;100354;0.024395000;10000;9558395031;B
20240207;100354;0.024390000;200000;9558395060;S
20240207;100357;0.024395000;30000;9558395471;B
20240207;100357;0.024395000;100000;9558395478;B
20240207;100357;0.024390000;5000000;9558395509;S
20240207;100358;0.024395000;10000;9558395671;B
20240207;100359;0.024390000;2230000;9558395804;S
20240207;100400;0.024395000;20000;9558395816;B
20240207;100400;0.024390000;80000;9558395906;S
20240207;100400;0.024390000;2100000;9558395930;S
20240207;100402;0.024395000;150000;9558396126;B
20240207;100403;0.024395000;200000;9558396299;B
20240207;100404;0.024395000;850000;9558396361;B
20240207;100406;0.024395000;90000;9558396713;B
20240207;100407;0.024390000;10000000;9558396826;S
20240207;100407;0.024390000;120000000;9558396836;S
20240207;100407;0.024390000;10000000;9558396844;S
20240207;100407;0.024395000;110000;9558396886;B
20240207;100408;0.024395000;10000;9558396970;B
20240207;100408;0.024395000;70000;9558396972;B
20240207;100408;0.024390000;50000000;9558396985;S
20240207;100408;0.024390000;40880000;9558396986;S
20240207;100408;0.024390000;9780000;9558396987;S
20240207;100408;0.024390000;10000;9558396988;S
20240207;100408;0.024390000;40000;9558396989;S
20240207;100408;0.024390000;50000;9558396990;S
20240207;100408;0.024390000;40000;9558396991;S
20240207;100408;0.024390000;40000;9558396992;S
20240207;100409;0.024385000;10000;9558397136;B
20240207;100409;0.024380000;500000;9558397137;S
20240207;100409;0.024375000;20000000;9558397139;S
20240207;100409;0.024375000;10000;9558397140;S
20240207;100409;0.024370000;30000;9558397141;S
20240207;100409;0.024370000;10000;9558397142;S
20240207;100409;0.024370000;10000;9558397143;S
20240207;100409;0.024370000;10000;9558397144;S
20240207;100409;0.024370000;10000;9558397145;S
20240207;100409;0.024370000;10000;9558397146;S
20240207;100409;0.024370000;100000;9558397147;S
20240207;100409;0.024370000;800000;9558397148;S
20240207;100409;0.024370000;400000;9558397149;S
20240207;100409;0.024370000;10000;9558397150;S
20240207;100409;0.024370000;10000;9558397151;S
20240207;100409;0.024370000;10000;9558397152;S
20240207;100409;0.024370000;10000;9558397153;S
20240207;100409;0.024370000;10000;9558397154;S
20240207;100409;0.024370000;10000;9558397155;S
20240207;100409;0.024370000;20000;9558397156;S
20240207;100409;0.024365000;20000;9558397257;S
20240207;100409;0.024365000;10000;9558397258;S
20240207;100409;0.024360000;1000000;9558397259;S
20240207;100409;0.024360000;2470000;9558397260;S
20240207;100410;0.024375000;1000000;9558397330;B
20240207;100410;0.024375000;200000;9558397336;S
20240207;100410;0.024365000;3930000;9558397337;S
20240207;100411;0.024375000;800000;9558397448;B
20240207;100411;0.024365000;10000;9558397479;S
20240207;100412;0.024375000;10000;9558397715;B
20240207;100413;0.024375000;150000;9558397784;B
20240207;100413;0.024375000;40000;9558397876;B
20240207;100413;0.024375000;1960000;9558397877;B
20240207;100414;0.024375000;10000;9558397901;B
20240207;100414;0.024365000;40000;9558397934;S
20240207;100415;0.024365000;10000;9558398026;S
20240207;100415;0.024375000;200000;9558398059;B
20240207;100420;0.024365000;580000;9558398916;S
20240207;100421;0.024375000;10000;9558399090;B
20240207;100424;0.024365000;10000;9558399419;S
20240207;100427;0.024370000;20000;9558400080;B
20240207;100427;0.024375000;180000;9558400081;B
20240207;100427;0.024360000;40000;9558400153;S
20240207;100427;0.024375000;1510000;9558400183;B
20240207;100430;0.024365000;130000;9558400608;B
20240207;100431;0.024365000;600000;9558400730;S
20240207;100436;0.024375000;10000;9558401900;B
20240207;100437;0.024365000;10000;9558401936;S
20240207;100437;0.024375000;50000;9558401975;B
20240207;100439;0.024365000;40000;9558402217;S
20240207;100439;0.024375000;10000;9558402248;B
20240207;100441;0.024370000;10000;9558402579;B
20240207;100443;0.024370000;20000;9558402725;B
20240207;100444;0.024365000;10000;9558402941;S
20240207;100447;0.024370000;10000;9558403499;B
20240207;100449;0.024370000;100000;9558403836;B
20240207;100451;0.024365000;10000;9558404042;S
20240207;100455;0.024365000;1200000;9558404803;S
20240207;100455;0.024365000;1800000;9558404804;S
20240207;100456;0.024370000;200000;9558404892;B
20240207;100457;0.024365000;850000;9558404980;S
20240207;100457;0.024365000;160000;9558405002;S
20240207;100457;0.024365000;10000;9558405131;S
20240207;100500;0.024370000;20000;9558405671;B
20240207;100501;0.024370000;50000;9558405967;B
20240207;100503;0.024365000;10000;9558406487;S
20240207;100510;0.024370000;10000;9558407646;B
20240207;100511;0.024370000;10000;9558407782;B
20240207;100512;0.024370000;570000;9558407881;B
20240207;100512;0.024370000;10000;9558407882;B
20240207;100512;0.024370000;130000;9558407883;B
20240207;100513;0.024365000;10000;9558408125;S
20240207;100514;0.024365000;230000;9558408499;S
20240207;100515;0.024370000;60000;9558408610;B
20240207;100516;0.024365000;70000;9558408688;S
20240207;100517;0.024370000;10000;9558408964;B
20240207;100518;0.024370000;20000;9558409082;B
20240207;100523;0.024370000;150000;9558409711;B
20240207;100523;0.024375000;2850000;9558409712;B
20240207;100525;0.024380000;10000;9558410042;B
20240207;100525;0.024385000;1000000;9558410043;B
20240207;100525;0.024385000;130000;9558410044;B
20240207;100528;0.024385000;10000;9558410797;B
20240207;100530;0.024385000;10000;9558411031;B
20240207;100530;0.024385000;20000;9558411145;B
20240207;100531;0.024385000;30000;9558411155;B
20240207;100531;0.024385000;10000;9558411171;B
20240207;100534;0.024370000;2500000;9558411649;S
20240207;100535;0.024380000;10000;9558412064;B
20240207;100536;0.024380000;10000;9558412112;B
20240207;100536;0.024380000;980000;9558412299;B
20240207;100539;0.024380000;4020000;9558412667;S
20240207;100539;0.024380000;50000;9558412675;B
20240207;100545;0.024380000;10000;9558413516;B
20240207;100545;0.024380000;10000;9558413590;B
20240207;100546;0.024370000;850000;9558413676;S
20240207;100547;0.024370000;10000;9558413793;S
20240207;100547;0.024365000;9990000;9558413794;S
20240207;100550;0.024370000;100000;9558414317;B
20240207;100551;0.024370000;10000;9558414420;B
20240207;100551;0.024370000;40000;9558414460;B
20240207;100552;0.024365000;600000;9558414689;S
20240207;100553;0.024370000;10000;9558414720;B
20240207;100554;0.024370000;50000;9558414958;B
20240207;100554;0.024380000;260000;9558414959;B
20240207;100559;0.024375000;10000;9558415824;B
20240207;100601;0.024375000;50000;9558416051;B
20240207;100602;0.024375000;10000;9558416355;B
20240207;100604;0.024375000;10000;9558416701;B
20240207;100604;0.024375000;10000;9558416717;B
20240207;100604;0.024375000;30000;9558416783;B
20240207;100605;0.024370000;190000;9558416856;S
20240207;100606;0.024380000;2650000;9558417072;B
20240207;100606;0.024380000;1000000;9558417073;B
20240207;100606;0.024380000;6350000;9558417074;B
20240207;100608;0.024370000;100000;9558417358;S
20240207;100609;0.024370000;10000;9558417522;S
20240207;100609;0.024370000;930000;9558417613;S
20240207;100609;0.024370000;2070000;9558417614;S
20240207;100610;0.024380000;40000;9558417730;B
20240207;100610;0.024380000;200000;9558417731;B
20240207;100611;0.024380000;80000;9558417881;B
20240207;100613;0.024375000;1090000;9558418227;S
20240207;100616;0.024380000;20000;9558418631;B
20240207;100618;0.024380000;200000;9558418846;B
20240207;100618;0.024380000;2150000;9558418919;B
20240207;100618;0.024380000;350000;9558418920;B
20240207;100618;0.024375000;500000;9558419134;S
20240207;100619;0.024385000;10000;9558419139;B
20240207;100619;0.024375000;20000;9558419260;S
20240207;100621;0.024375000;10000;9558419415;S
20240207;100621;0.024375000;3380000;9558419441;S
20240207;100621;0.024375000;20000;9558419442;S
20240207;100621;0.024375000;210000;9558419443;S
20240207;100621;0.024375000;10000;9558419529;S
20240207;100622;0.024380000;10000;9558419531;B
20240207;100622;0.024370000;10000;9558419555;S
20240207;100622;0.024380000;500000;9558419581;B
20240207;100623;0.024380000;40000;9558419711;B
20240207;100623;0.024380000;130000;9558419745;B
20240207;100624;0.024370000;10000;9558419989;S
20240207;100626;0.024380000;10000;9558420195;B
20240207;100626;0.024380000;10000;9558420197;B
20240207;100629;0.024370000;10000;9558420652;S
20240207;100630;0.024380000;30000;9558420842;B
20240207;100630;0.024370000;100000;9558420854;S
20240207;100632;0.024370000;50000;9558421102;S
20240207;100633;0.024370000;30000;9558421309;S
20240207;100634;0.024380000;100000;9558421351;B
20240207;100634;0.024370000;30000;9558421440;S
20240207;100634;0.024370000;290000;9558421456;S
20240207;100637;0.024375000;150000;9558421939;S
20240207;100638;0.024380000;10000;9558422038;B
20240207;100639;0.024375000;850000;9558422141;S
20240207;100639;0.024375000;4110000;9558422142;S
20240207;100639;0.024370000;6040000;9558422143;S
20240207;100641;0.024380000;3000000;9558422358;B
20240207;100641;0.024380000;3000000;9558422375;B
20240207;100641;0.024380000;10000;9558422418;B
20240207;100644;0.024380000;840000;9558422794;B
20240207;100644;0.024375000;10000;9558422858;S
20240207;100647;0.024375000;50000;9558423106;S
20240207;100652;0.024380000;50000;9558423883;B
20240207;100658;0.024380000;30000;9558424565;B
20240207;100659;0.024380000;10000;9558424654;B
20240207;100701;0.024375000;70000;9558424935;S
20240207;100702;0.024380000;10000;9558425041;B
20240207;100703;0.024380000;80000;9558425187;B
20240207;100707;0.024380000;10000;9558425859;B
20240207;100712;0.024380000;10000;9558426477;B
20240207;100714;0.024375000;20000;9558426709;S
20240207;100716;0.024380000;20000;9558426902;B
20240207;100716;0.024380000;160000;9558426955;B
20240207;100718;0.024375000;40000;9558427102;S
20240207;100719;0.024375000;10000;9558427240;S
20240207;100720;0.024380000;80000;9558427492;B
20240207;100720;0.024380000;1000000;9558427493;B
20240207;100720;0.024380000;10000;9558427494;B
20240207;100720;0.024380000;940000;9558427495;B
20240207;100721;0.024375000;30000;9558427496;S
20240207;100721;0.024380000;20000;9558427550;B
20240207;100722;0.024375000;30000;9558427681;S
20240207;100722;0.024370000;1420000;9558427682;S
20240207;100725;0.024375000;2510000;9558428710;B
20240207;100725;0.024375000;11930000;9558428711;B
20240207;100726;0.024375000;4610000;9558428763;B
20240207;100726;0.024380000;1930000;9558428764;B
20240207;100726;0.024380000;28050000;9558428900;B
20240207;100726;0.024380000;6000000;9558428901;B
20240207;100726;0.024380000;30000;9558428902;B
20240207;100726;0.024380000;1000000;9558428903;B
20240207;100726;0.024380000;20000;9558428904;B
20240207;100726;0.024380000;3000000;9558428905;B
20240207;100726;0.024380000;12300000;9558428906;B
20240207;100726;0.024385000;990000;9558428907;B
20240207;100726;0.024385000;10000;9558428908;B
20240207;100726;0.024385000;6000000;9558428909;B
20240207;100726;0.024385000;750000;9558428910;B
20240207;100726;0.024385000;30000;9558428911;B
20240207;100726;0.024385000;2510000;9558428912;B
20240207;100726;0.024385000;650000;9558428913;B
20240207;100726;0.024390000;1000000;9558428929;B
20240207;100726;0.024390000;6000000;9558428930;B
20240207;100726;0.024390000;12300000;9558428931;B
20240207;100726;0.024395000;10000;9558428932;B
20240207;100726;0.024395000;30000;9558428933;B
20240207;100726;0.024395000;1180000;9558428934;B
20240207;100727;0.024390000;12300000;9558429129;B
20240207;100727;0.024390000;1000000;9558429130;B
20240207;100727;0.024390000;6000000;9558429131;B
20240207;100727;0.024395000;820000;9558429132;B
20240207;100727;0.024395000;1030000;9558429133;B
20240207;100727;0.024395000;1000000;9558429134;B
20240207;100727;0.024395000;6000000;9558429135;B
20240207;100727;0.024395000;5670000;9558429136;B
20240207;100727;0.024395000;250000;9558429137;B
20240207;100727;0.024395000;20000;9558429138;B
20240207;100727;0.024395000;26950000;9558429139;B
20240207;100727;0.024395000;4000000;9558429140;B
20240207;100727;0.024395000;2490000;9558429141;B
20240207;100727;0.024395000;6300000;9558429142;B
20240207;100727;0.024395000;1000000;9558429155;B
20240207;100727;0.024400000;17710000;9558429156;B
20240207;100727;0.024400000;1000000;9558429157;B
20240207;100727;0.024400000;1000000;9558429158;B
20240207;100727;0.024400000;10000;9558429159;B
20240207;100727;0.024400000;2280000;9558429160;B
20240207;100728;0.024390000;10000;9558429258;B
20240207;100728;0.024400000;90000;9558429259;B
20240207;100728;0.024400000;10000;9558429270;B
20240207;100730;0.024400000;110000;9558429584;B
20240207;100730;0.024400000;1000000;9558429585;B
20240207;100730;0.024400000;10000;9558429586;B
20240207;100730;0.024400000;190000;9558429587;B
20240207;100730;0.024400000;10000;9558429619;B
20240207;100731;0.024390000;30000;9558429739;S
20240207;100731;0.024400000;800000;9558429743;B
20240207;100731;0.024400000;510000;9558429744;B
20240207;100731;0.024400000;10000;9558429783;B
20240207;100732;0.024400000;1000000;9558429882;B
20240207;100732;0.024400000;7200000;9558429883;B
20240207;100735;0.024390000;50000;9558430234;S
20240207;100735;0.024400000;10000;9558430237;B
20240207;100735;0.024400000;2410000;9558430238;B
20240207;100735;0.024400000;11970000;9558430239;B
20240207;100735;0.024405000;1000000;9558430240;B
20240207;100735;0.024405000;10000;9558430241;B
20240207;100735;0.024405000;10000;9558430242;B
20240207;100735;0.024405000;40000;9558430243;B
20240207;100735;0.024405000;100000;9558430244;B
20240207;100735;0.024405000;200000;9558430245;B
20240207;100735;0.024405000;4250000;9558430246;B
20240207;100736;0.024400000;110000;9558430426;S
20240207;100736;0.024400000;10000;9558430435;S
20240207;100737;0.024405000;50000;9558430492;B
20240207;100737;0.024405000;590000;9558430497;B
20240207;100737;0.024405000;7410000;9558430520;B
20240207;100737;0.024405000;100000;9558430521;B
20240207;100737;0.024405000;110000;9558430522;B
20240207;100737;0.024410000;1000000;9558430523;B
20240207;100737;0.024410000;10000;9558430524;B
20240207;100737;0.024410000;10000;9558430525;B
20240207;100737;0.024410000;1000000;9558430526;B
20240207;100737;0.024410000;10000;9558430527;B
20240207;100737;0.024410000;6000000;9558430528;B
20240207;100737;0.024410000;5670000;9558430529;B
20240207;100737;0.024410000;10000;9558430530;B
20240207;100737;0.024410000;2390000;9558430531;B
20240207;100737;0.024410000;11860000;9558430532;B
20240207;100737;0.024415000;500000;9558430533;B
20240207;100737;0.024415000;1000000;9558430534;B
20240207;100737;0.024415000;10000;9558430535;B
20240207;100737;0.024415000;1000000;9558430536;B
20240207;100737;0.024415000;6000000;9558430537;B
20240207;100737;0.024415000;10000;9558430538;B
20240207;100737;0.024415000;5670000;9558430539;B
20240207;100737;0.024415000;230000;9558430540;B
20240207;100737;0.024405000;1000000;9558430552;S
20240207;100738;0.024400000;40000;9558430683;S
20240207;100739;0.024400000;10000;9558430774;S
20240207;100740;0.024400000;20000;9558430827;S
20240207;100741;0.024405000;10000;9558431057;B
20240207;100741;0.024405000;10000;9558431058;B
20240207;100741;0.024405000;10000;9558431059;B
20240207;100741;0.024405000;150000;9558431060;B
20240207;100741;0.024405000;10000;9558431074;B
20240207;100741;0.024405000;90000;9558431075;B
20240207;100743;0.024400000;170000;9558431209;S
20240207;100743;0.024405000;11580000;9558431260;B
20240207;100743;0.024410000;100000;9558431261;B
20240207;100743;0.024410000;1000000;9558431262;B
20240207;100743;0.024410000;5670000;9558431263;B
20240207;100743;0.024410000;2340000;9558431264;B
20240207;100743;0.024415000;1580000;9558431265;B
20240207;100743;0.024415000;10000;9558431338;B
20240207;100744;0.024405000;10000;9558431340;S
20240207;100744;0.024410000;130000;9558431353;B
20240207;100744;0.024410000;12160000;9558431389;B
20240207;100744;0.024410000;1000000;9558431390;B
20240207;100744;0.024410000;10000;9558431391;B
20240207;100744;0.024415000;1830000;9558431392;B
20240207;100745;0.024415000;6350000;9558431455;B
20240207;100745;0.024415000;10000;9558431456;B
20240207;100745;0.024415000;3880000;9558431457;B
20240207;100745;0.024410000;10000;9558431492;B
20240207;100745;0.024410000;890000;9558431493;B
20240207;100745;0.024410000;1000000;9558431586;B
20240207;100747;0.024410000;3770000;9558431732;B
20240207;100747;0.024410000;1000000;9558431733;B
20240207;100747;0.024410000;10000;9558431734;B
20240207;100747;0.024415000;5220000;9558431735;B
20240207;100748;0.024410000;1000000;9558431912;B
20240207;100748;0.024410000;1670000;9558431913;B
20240207;100748;0.024410000;10000;9558431967;B
20240207;100748;0.024410000;990000;9558431968;B
20240207;100748;0.024415000;4000000;9558432007;B
20240207;100749;0.024415000;40000;9558432127;B
20240207;100751;0.024415000;6280000;9558432385;B
20240207;100751;0.024415000;3720000;9558432386;B
20240207;100751;0.024415000;400000;9558432732;B
20240207;100751;0.024415000;1550000;9558432733;B
20240207;100751;0.024415000;100000;9558432734;B
20240207;100751;0.024415000;4150000;9558432735;B
20240207;100752;0.024415000;5520000;9558432904;B
20240207;100752;0.024415000;2310000;9558432905;B
20240207;100752;0.024415000;5670000;9558432906;B
20240207;100752;0.024415000;11400000;9558432907;B
20240207;100752;0.024415000;12280000;9558432908;B
20240207;100752;0.024420000;10000;9558432909;B
20240207;100752;0.024420000;10000;9558432910;B
20240207;100752;0.024420000;1000000;9558432911;B
20240207;100752;0.024420000;10000000;9558432912;B
20240207;100752;0.024420000;3500000;9558432913;B
20240207;100752;0.024420000;10000;9558432914;B
20240207;100752;0.024420000;10000;9558432915;B
20240207;100752;0.024420000;5670000;9558432916;B
20240207;100752;0.024420000;6000000;9558432917;B
20240207;100752;0.024420000;10000000;9558432918;B
20240207;100752;0.024420000;10000;9558432919;B
20240207;100752;0.024420000;10000000;9558432920;B
20240207;100752;0.024420000;2290000;9558432921;B
20240207;100752;0.024410000;10000;9558432996;S
20240207;100752;0.024420000;500000;9558433046;B
20240207;100752;0.024410000;4990000;9558433068;S
20240207;100752;0.024410000;1000000;9558433069;S
20240207;100752;0.024405000;10000;9558433070;S
20240207;100753;0.024410000;20000;9558433191;S
20240207;100754;0.024415000;20000;9558433407;B
20240207;100754;0.024405000;10000;9558433426;S
20240207;100755;0.024415000;10000;9558433513;B
20240207;100755;0.024415000;150000;9558433564;B
20240207;100755;0.024415000;2310000;9558433631;B
20240207;100755;0.024415000;11410000;9558433632;B
20240207;100755;0.024420000;5780000;9558433633;B
20240207;100756;0.024420000;1430000;9558433637;B
20240207;100756;0.024420000;70000;9558433638;B
20240207;100757;0.024415000;10000;9558433902;B
20240207;100757;0.024420000;4050000;9558433911;B
20240207;100757;0.024405000;130000;9558433992;S
20240207;100757;0.024405000;270000;9558433993;S
20240207;100759;0.024415000;10000;9558434628;B
20240207;100759;0.024420000;140000;9558434629;B
20240207;100759;0.024420000;13520000;9558434719;B
20240207;100759;0.024420000;20000000;9558434720;B
20240207;100759;0.024420000;1000000;9558434721;B
20240207;100759;0.024420000;5000000;9558434722;B
20240207;100759;0.024420000;5670000;9558434723;B
20240207;100759;0.024420000;200000;9558434724;B
20240207;100759;0.024420000;100000;9558434725;B
20240207;100759;0.024420000;20000;9558434726;B
20240207;100759;0.024420000;1000000;9558434727;B
20240207;100759;0.024425000;190000;9558434728;B
20240207;100759;0.024425000;2000000;9558434729;B
20240207;100759;0.024425000;50000;9558434730;B
20240207;100759;0.024425000;20000;9558434731;B
20240207;100759;0.024425000;1000000;9558434732;B
20240207;100759;0.024425000;10000;9558434733;B
20240207;100759;0.024425000;10000;9558434734;B
20240207;100759;0.024425000;5670000;9558434735;B
20240207;100759;0.024425000;6000000;9558434736;B
20240207;100759;0.024425000;10000;9558434737;B
20240207;100759;0.024425000;10000;9558434738;B
20240207;100759;0.024425000;100000;9558434739;B
20240207;100759;0.024425000;10000;9558434740;B
20240207;100759;0.024425000;8410000;9558434741;B
20240207;100800;0.024420000;10000;9558434948;B
20240207;100800;0.024420000;30000;9558434949;B
20240207;100800;0.024405000;10000;9558434955;S
20240207;100801;0.024420000;4970000;9558435103;B
20240207;100801;0.024425000;30000;9558435104;B
20240207;100801;0.024425000;250000;9558435279;B
20240207;100802;0.024420000;100000;9558435550;B
20240207;100802;0.024420000;500000;9558435571;B
20240207;100803;0.024420000;15880000;9558435638;B
20240207;100803;0.024420000;100000;9558435639;B
20240207;100803;0.024420000;2980000;9558435737;B
20240207;100803;0.024420000;3000000;9558435738;B
20240207;100803;0.024420000;10000;9558435804;B
20240207;100804;0.024415000;500000;9558435885;S
20240207;100804;0.024420000;5000000;9558435926;B
20240207;100804;0.024420000;10000000;9558435933;B
20240207;100804;0.024420000;20000;9558435966;B
20240207;100805;0.024420000;20000;9558436133;B
20240207;100805;0.024420000;2400000;9558436204;B
20240207;100806;0.024420000;2290000;9558436281;B
20240207;100806;0.024420000;500000;9558436310;B
20240207;100806;0.024420000;980000;9558436336;B
20240207;100806;0.024415000;100000;9558436407;S
20240207;100806;0.024420000;1240000;9558436449;B
20240207;100806;0.024420000;8760000;9558436450;B
20240207;100807;0.024420000;1000000;9558436665;B
20240207;100807;0.024420000;50000;9558436683;B
20240207;100808;0.024420000;40000;9558436715;B
20240207;100808;0.024420000;50000;9558436782;B
20240207;100809;0.024415000;400000;9558436876;S
20240207;100809;0.024415000;1080000;9558436877;S
20240207;100809;0.024420000;1000000;9558436889;B
20240207;100809;0.024420000;2000000;9558436973;B
20240207;100810;0.024420000;20000;9558437078;B
20240207;100810;0.024420000;3000000;9558437095;B
20240207;100810;0.024420000;3530000;9558437170;B
20240207;100810;0.024420000;610000;9558437176;B
20240207;100810;0.024420000;100000;9558437179;B
20240207;100811;0.024420000;4090000;9558437227;B
20240207;100812;0.024420000;1630000;9558437378;B
20240207;100812;0.024415000;3030000;9558437379;S
20240207;100812;0.024415000;2310000;9558437380;S
20240207;100812;0.024415000;1160000;9558437381;S
20240207;100812;0.024415000;10000;9558437449;S
20240207;100812;0.024420000;19140000;9558437464;B
20240207;100812;0.024420000;30000;9558437465;B
20240207;100812;0.024420000;400000;9558437466;B
20240207;100812;0.024425000;10000;9558437527;B
20240207;100813;0.024420000;600000;9558437578;S
20240207;100813;0.024425000;1300000;9558437655;B
20240207;100813;0.024425000;1700000;9558437656;B
20240207;100813;0.024420000;840000;9558437660;S
20240207;100813;0.024425000;3300000;9558437671;B
20240207;100813;0.024425000;21700000;9558437672;B
20240207;100814;0.024420000;10000000;9558437894;S
20240207;100815;0.024425000;5880000;9558437955;B
20240207;100815;0.024425000;10000;9558437982;B
20240207;100815;0.024425000;60000;9558438169;B
20240207;100815;0.024425000;850000;9558438183;B
20240207;100816;0.024425000;40000;9558438194;B
20240207;100816;0.024425000;500000;9558438196;B
20240207;100816;0.024425000;10000;9558438211;B
20240207;100816;0.024420000;10000000;9558438231;S
20240207;100816;0.024425000;10000;9558438300;B
20240207;100816;0.024420000;100000;9558438311;S
20240207;100817;0.024420000;20470000;9558438431;S
20240207;100817;0.024425000;2270000;9558438457;B
20240207;100818;0.024425000;9680000;9558438548;B
20240207;100818;0.024425000;100000;9558438549;B
20240207;100818;0.024425000;10000;9558438550;B
20240207;100818;0.024425000;210000;9558438551;B
20240207;100818;0.024425000;6330000;9558438622;B
20240207;100819;0.024430000;560000;9558438834;B
20240207;100819;0.024430000;120000;9558438925;B
20240207;100820;0.024430000;320000;9558438978;B
20240207;100820;0.024430000;230000;9558438979;B
20240207;100820;0.024430000;1000000;9558438980;B
20240207;100820;0.024430000;40000;9558438981;B
20240207;100820;0.024425000;20000000;9558438991;S
20240207;100820;0.024430000;4960000;9558439041;B
20240207;100820;0.024430000;10000;9558439042;B
20240207;100820;0.024430000;5030000;9558439043;B
20240207;100820;0.024425000;1000000;9558439072;S
20240207;100820;0.024425000;500000;9558439145;S
20240207;100821;0.024430000;300000;9558439237;B
20240207;100821;0.024430000;100000;9558439379;B
20240207;100822;0.024425000;10000;9558439490;S
20240207;100823;0.024430000;14570000;9558439689;B
20240207;100823;0.024430000;100000;9558439690;B
20240207;100823;0.024430000;10000;9558439691;B
20240207;100823;0.024430000;100000;9558439692;B
20240207;100823;0.024430000;10000000;9558439693;B
20240207;100823;0.024430000;1000000;9558439694;B
20240207;100823;0.024430000;2000000;9558439695;B
20240207;100823;0.024430000;15000000;9558439696;B
20240207;100823;0.024430000;1000000;9558439697;B
20240207;100823;0.024430000;44440000;9558439698;B
20240207;100823;0.024430000;2150000;9558439919;B
20240207;100824;0.024430000;5000000;9558440054;B
20240207;100824;0.024430000;2000000;9558440136;B
20240207;100824;0.024430000;1000000;9558440163;B
20240207;100825;0.024430000;50000;9558440364;B
20240207;100825;0.024430000;100000;9558440474;B
20240207;100826;0.024425000;7160000;9558440498;S
20240207;100826;0.024425000;1000000;9558440499;S
20240207;100826;0.024425000;4110000;9558440500;S
20240207;100826;0.024425000;1430000;9558440501;S
20240207;100826;0.024425000;2460000;9558440502;S
20240207;100826;0.024425000;800000;9558440503;S
20240207;100826;0.024425000;980000;9558440504;S
20240207;100826;0.024425000;10000000;9558440505;S
20240207;100826;0.024420000;60000;9558440536;S
20240207;100826;0.024420000;5000000;9558440692;S
20240207;100827;0.024425000;90000;9558440764;B
20240207;100827;0.024425000;110000;9558440835;B
20240207;100827;0.024425000;830000;9558440842;B
20240207;100828;0.024425000;30000;9558440944;B
20240207;100828;0.024425000;40000;9558440998;B
20240207;100829;0.024425000;30000;9558441143;B
20240207;100829;0.024425000;200000;9558441161;B
20240207;100830;0.024425000;1340000;9558441297;B
20240207;100830;0.024425000;15000000;9558441335;B
20240207;100830;0.024425000;1000000;9558441392;B
20240207;100831;0.024425000;6750000;9558441410;B
20240207;100831;0.024425000;3250000;9558441411;B
20240207;100831;0.024425000;9060000;9558441413;B
20240207;100831;0.024425000;5000000;9558441414;B
20240207;100831;0.024425000;5000000;9558441415;B
20240207;100831;0.024425000;5000000;9558441416;B
20240207;100831;0.024430000;76560000;9558441417;B
20240207;100831;0.024430000;10000;9558441418;B
20240207;100831;0.024430000;100000;9558441419;B
20240207;100831;0.024430000;10000;9558441420;B
20240207;100831;0.024430000;7840000;9558441421;B
20240207;100831;0.024430000;240000;9558441430;B
20240207;100831;0.024430000;10000;9558441451;B
20240207;100831;0.024430000;2000000;9558441494;B
20240207;100831;0.024430000;800000;9558441495;B
20240207;100831;0.024425000;1000000;9558441508;S
20240207;100831;0.024425000;2560000;9558441509;S
20240207;100831;0.024425000;4110000;9558441510;S
20240207;100831;0.024425000;13670000;9558441585;B
20240207;100831;0.024430000;3550000;9558441586;B
20240207;100831;0.024430000;5000000;9558441587;B
20240207;100831;0.024430000;1620000;9558441588;B
20240207;100832;0.024425000;100000;9558441621;S
20240207;100833;0.024430000;40000;9558441823;B
20240207;100834;0.024430000;160000;9558442038;B
20240207;100836;0.024425000;20000;9558442385;S
20240207;100836;0.024425000;880000;9558442410;S
20240207;100836;0.024425000;1620000;9558442411;S
20240207;100836;0.024430000;960000;9558442413;B
20240207;100836;0.024425000;100000;9558442415;S
20240207;100836;0.024430000;60000;9558442525;B
20240207;100836;0.024430000;1980000;9558442538;B
20240207;100836;0.024430000;300000;9558442539;B
20240207;100836;0.024430000;220000;9558442540;B
20240207;100838;0.024430000;10000;9558442918;B
20240207;100838;0.024430000;230000;9558442919;B
20240207;100839;0.024430000;600000;9558443043;B
20240207;100839;0.024430000;200000;9558443118;B
20240207;100840;0.024430000;40000;9558443292;B
20240207;100840;0.024425000;780000;9558443298;S
20240207;100840;0.024425000;1000000;9558443299;S
20240207;100840;0.024425000;3220000;9558443300;S
20240207;100841;0.024430000;500000;9558443462;B
20240207;100841;0.024430000;970000;9558443491;B
20240207;100841;0.024430000;40000;9558443547;B
20240207;100843;0.024425000;15610000;9558444102;S
20240207;100843;0.024425000;1000000;9558444103;S
20240207;100843;0.024425000;2550000;9558444104;S
20240207;100843;0.024420000;10000;9558444270;S
20240207;100843;0.024425000;150000;9558444313;B
20240207;100845;0.024425000;690000;9558444572;B
20240207;100845;0.024425000;12310000;9558444573;B
20240207;100845;0.024425000;3000000;9558444574;B
20240207;100845;0.024430000;3000000;9558444575;B
20240207;100845;0.024430000;2550000;9558444576;B
20240207;100845;0.024430000;12580000;9558444577;B
20240207;100846;0.024430000;2000000;9558444890;S
20240207;100846;0.024430000;4900000;9558444907;S
20240207;100847;0.024430000;100000;9558445059;S
20240207;100848;0.024435000;10000000;9558445088;B
20240207;100848;0.024435000;100000;9558445094;B
20240207;100848;0.024435000;900000;9558445203;B
20240207;100848;0.024435000;4100000;9558445204;B
20240207;100849;0.024435000;500000;9558445268;B
20240207;100849;0.024435000;400000;9558445273;B
20240207;100849;0.024435000;10000;9558445274;B
20240207;100849;0.024435000;10000;9558445275;B
20240207;100849;0.024435000;10000;9558445276;B
20240207;100849;0.024435000;100000;9558445277;B
20240207;100849;0.024435000;10060000;9558445278;B
20240207;100849;0.024435000;10000;9558445279;B
20240207;100849;0.024435000;500000;9558445280;B
20240207;100849;0.024435000;12310000;9558445281;B
20240207;100849;0.024435000;70000;9558445282;B
20240207;100849;0.024435000;3000000;9558445283;B
20240207;100849;0.024435000;100000;9558445284;B
20240207;100849;0.024435000;50000;9558445285;B
20240207;100849;0.024440000;45710000;9558445286;B
20240207;100849;0.024440000;10000;9558445287;B
20240207;100849;0.024440000;5000000;9558445288;B
20240207;100849;0.024440000;420000;9558445289;B
20240207;100849;0.024440000;20000;9558445305;B
20240207;100849;0.024440000;80000;9558445306;B
20240207;100849;0.024440000;420000;9558445341;B
20240207;100849;0.024440000;1000000;9558445342;B
20240207;100849;0.024440000;10000000;9558445343;B
20240207;100849;0.024440000;10000;9558445344;B
20240207;100849;0.024440000;10000;9558445345;B
20240207;100849;0.024440000;100000;9558445346;B
20240207;100849;0.024440000;450000;9558445347;B
20240207;100849;0.024440000;200000;9558445371;B
20240207;100849;0.024435000;20000;9558445413;S
20240207;100849;0.024440000;4000000;9558445417;B
20240207;100850;0.024440000;480000;9558445457;B
20240207;100850;0.024440000;50000;9558445473;B
20240207;100850;0.024435000;20000;9558445549;S
20240207;100850;0.024440000;1450000;9558445605;B
20240207;100850;0.024440000;850000;9558445613;B
20240207;100851;0.024435000;10000;9558445729;S
20240207;100851;0.024440000;800000;9558445748;B
20240207;100851;0.024435000;20000;9558445816;S
20240207;100851;0.024440000;10000;9558445824;B
20240207;100852;0.024435000;10000;9558446040;S
20240207;100852;0.024440000;400000;9558446091;B
20240207;100852;0.024440000;4100000;9558446112;B
20240207;100853;0.024440000;230000;9558446124;B
20240207;100853;0.024440000;100000;9558446149;B
20240207;100853;0.024435000;150000;9558446182;S
20240207;100853;0.024435000;40000;9558446207;S
20240207;100854;0.024435000;50000;9558446327;S
20240207;100854;0.024440000;100000;9558446429;B
20240207;100856;0.024440000;200000;9558446727;B
20240207;100856;0.024440000;50000;9558446775;B
20240207;100856;0.024440000;50000;9558446821;B
20240207;100856;0.024440000;50000;9558446873;B
20240207;100857;0.024440000;50000;9558447044;B
20240207;100857;0.024440000;30000;9558447077;B
20240207;100857;0.024440000;50000;9558447080;B
20240207;100857;0.024440000;150000;9558447162;B
20240207;100857;0.024440000;50000;9558447174;B
20240207;100857;0.024440000;50000;9558447221;B
20240207;100858;0.024440000;50000;9558447253;B
20240207;100858;0.024440000;50000;9558447320;B
20240207;100858;0.024440000;50000;9558447346;B
20240207;100859;0.024440000;2140000;9558447535;B
20240207;100859;0.024440000;1980000;9558447606;B
20240207;100859;0.024440000;10000;9558447607;B
20240207;100859;0.024440000;10000;9558447608;B
20240207;100859;0.024440000;220000;9558447609;B
20240207;100859;0.024440000;200000;9558447610;B
20240207;100859;0.024440000;5200000;9558447611;B
20240207;100859;0.024440000;2380000;9558447612;B
20240207;100900;0.024440000;120000;9558447793;B
20240207;100900;0.024435000;10000;9558447815;S
20240207;100901;0.024435000;10000;9558447838;S
20240207;100901;0.024440000;100000;9558447910;B
20240207;100901;0.024440000;1200000;9558447920;B
20240207;100901;0.024435000;660000;9558447926;S
20240207;100901;0.024435000;340000;9558447927;S
20240207;100902;0.024435000;130000;9558448125;S
20240207;100903;0.024435000;100000;9558448269;S
20240207;100903;0.024440000;200000;9558448271;B
20240207;100903;0.024440000;100000;9558448272;B
20240207;100903;0.024440000;30000;9558448273;B
20240207;100903;0.024440000;1170000;9558448274;B
20240207;100903;0.024440000;3430000;9558448349;B
20240207;100903;0.024440000;10000;9558448350;B
20240207;100903;0.024440000;10000;9558448351;B
20240207;100903;0.024440000;40000;9558448352;B
20240207;100903;0.024440000;10000;9558448353;B
20240207;100903;0.024440000;30000;9558448354;B
20240207;100903;0.024440000;100000;9558448355;B
20240207;100903;0.024440000;10000;9558448356;B
20240207;100903;0.024440000;40000;9558448357;S
20240207;100905;0.024445000;1000000;9558448651;B
20240207;100905;0.024445000;900000;9558448848;B
20240207;100906;0.024445000;2600000;9558448915;B
20240207;100906;0.024445000;240000;9558448928;B
20240207;100906;0.024440000;390000;9558449095;S
20240207;100906;0.024445000;3500000;9558449104;B
20240207;100906;0.024445000;1720000;9558449173;B
20240207;100907;0.024445000;6110000;9558449278;B
20240207;100908;0.024445000;1000000;9558449491;B
20240207;100908;0.024445000;23290000;9558449511;B
20240207;100908;0.024440000;5000000;9558449653;S
20240207;100909;0.024440000;600000;9558449791;S
20240207;100911;0.024445000;500000;9558450470;B
20240207;100911;0.024440000;10000;9558450471;S
20240207;100912;0.024445000;50000;9558450534;B
20240207;100912;0.024445000;100000;9558450570;B
20240207;100912;0.024440000;10000;9558450605;S
20240207;100913;0.024445000;500000;9558450644;B
20240207;100915;0.024445000;100000;9558450971;B
20240207;100916;0.024440000;7000000;9558451051;S
20240207;100916;0.024440000;100000;9558451069;S
20240207;100916;0.024445000;1000000;9558451081;B
20240207;100916;0.024445000;100000;9558451128;B
20240207;100918;0.024445000;2980000;9558451274;B
20240207;100918;0.024445000;20000;9558451275;B
20240207;100919;0.024445000;1000000;9558451365;B
20240207;100919;0.024445000;10000;9558451366;B
20240207;100919;0.024445000;30000;9558451367;B
20240207;100919;0.024445000;10000000;9558451368;B
20240207;100919;0.024445000;1680000;9558451369;B
20240207;100919;0.024445000;10000;9558451370;B
20240207;100919;0.024445000;100000;9558451371;B
20240207;100919;0.024445000;10000;9558451372;B
20240207;100919;0.024445000;3000000;9558451373;B
20240207;100919;0.024445000;10000;9558451374;B
20240207;100919;0.024445000;12000000;9558451375;B
20240207;100919;0.024445000;100000;9558451376;B
20240207;100919;0.024445000;10000;9558451377;B
20240207;100919;0.024445000;20000;9558451378;B
20240207;100919;0.024450000;1000000;9558451379;B
20240207;100919;0.024450000;10000;9558451380;B
20240207;100919;0.024450000;10000;9558451381;B
20240207;100919;0.024450000;3380000;9558451382;B
20240207;100919;0.024445000;1000000;9558451383;B
20240207;100919;0.024440000;1000000;9558451426;S
20240207;100919;0.024445000;10000;9558451428;B
20240207;100919;0.024440000;380000;9558451429;S
20240207;100919;0.024445000;1000000;9558451467;B
20240207;100920;0.024445000;990000;9558451511;B
20240207;100920;0.024445000;3000000;9558451512;B
20240207;100920;0.024450000;10000;9558451513;B
20240207;100920;0.024450000;450000;9558451514;B
20240207;100920;0.024445000;3000000;9558451536;S
20240207;100920;0.024445000;1000000;9558451537;S
20240207;100920;0.024440000;530000;9558451538;S
20240207;100920;0.024440000;1000000;9558451539;S
20240207;100920;0.024440000;250000;9558451540;S
20240207;100920;0.024440000;500000;9558451541;S
20240207;100920;0.024440000;10000;9558451542;S
20240207;100920;0.024440000;70000;9558451543;S
20240207;100920;0.024440000;2000000;9558451544;S
20240207;100920;0.024440000;2000000;9558451545;S
20240207;100920;0.024440000;1130000;9558451546;S
20240207;100920;0.024445000;50000;9558451553;B
20240207;100921;0.024445000;100000;9558451674;B
20240207;100921;0.024445000;250000;9558451676;B
20240207;100922;0.024445000;100000;9558451833;B
20240207;100925;0.024445000;240000;9558452405;B
20240207;100925;0.024440000;100000;9558452427;S
20240207;100925;0.024445000;2100000;9558452526;B
20240207;100926;0.024445000;160000;9558452533;B
20240207;100926;0.024445000;9840000;9558452534;B
20240207;100926;0.024440000;50000;9558452758;S
20240207;100927;0.024445000;100000;9558452801;B
20240207;100927;0.024445000;30000;9558452824;B
20240207;100927;0.024445000;50000;9558452826;B
20240207;100929;0.024440000;50000;9558452971;S
20240207;100929;0.024440000;3000000;9558452974;B
20240207;100929;0.024440000;2000000;9558452975;B
20240207;100929;0.024440000;500000;9558453004;B
20240207;100931;0.024435000;5550000;9558453410;S
20240207;100931;0.024435000;5550000;9558453411;S
20240207;100931;0.024435000;8900000;9558453412;S
20240207;100932;0.024440000;20000;9558453518;B
20240207;100934;0.024440000;500000;9558453932;B
20240207;100935;0.024440000;2480000;9558454035;B
20240207;100935;0.024440000;2520000;9558454036;B
20240207;100937;0.024435000;710000;9558454299;S
20240207;100937;0.024435000;20000;9558454300;S
20240207;100937;0.024435000;5000000;9558454301;S
20240207;100937;0.024435000;2000000;9558454302;S
20240207;100937;0.024435000;150000;9558454303;S
20240207;100937;0.024435000;1000000;9558454304;S
20240207;100937;0.024435000;100000;9558454315;B
20240207;100937;0.024435000;40000;9558454340;B
20240207;100937;0.024435000;1050000;9558454344;B
20240207;100937;0.024435000;200000;9558454345;B
20240207;100938;0.024435000;2500000;9558454410;B
20240207;100938;0.024430000;1000000;9558454441;S
20240207;100938;0.024435000;50000;9558454512;B
20240207;100938;0.024435000;10000;9558454520;B
20240207;100940;0.024435000;100000;9558454674;B
20240207;100940;0.024435000;1000000;9558454684;B
20240207;100943;0.024435000;10000;9558455088;B
20240207;100944;0.024435000;400000;9558455232;B
20240207;100944;0.024430000;10000;9558455270;S
20240207;100945;0.024430000;390000;9558455357;S
20240207;100945;0.024430000;610000;9558455358;S
20240207;100947;0.024435000;100000;9558455762;B
20240207;100947;0.024435000;400000;9558455813;B
20240207;100949;0.024430000;390000;9558456021;S
20240207;100949;0.024430000;1000000;9558456022;S
20240207;100949;0.024430000;30000;9558456023;S
20240207;100949;0.024430000;500000;9558456024;S
20240207;100949;0.024430000;700000;9558456025;S
20240207;100949;0.024430000;10000;9558456026;S
20240207;100949;0.024430000;100000;9558456027;S
20240207;100949;0.024430000;1000000;9558456028;S
20240207;100949;0.024430000;100000;9558456029;S
20240207;100949;0.024430000;1000000;9558456030;S
20240207;100949;0.024425000;6000000;9558456031;S
20240207;100949;0.024425000;1000000;9558456032;S
20240207;100949;0.024425000;2050000;9558456033;S
20240207;100949;0.024425000;2800000;9558456034;S
20240207;100949;0.024425000;4110000;9558456035;S
20240207;100949;0.024420000;29210000;9558456036;S
20240207;100949;0.024425000;500000;9558456053;S
20240207;100949;0.024425000;30000;9558456065;S
20240207;100950;0.024430000;100000;9558456154;B
20240207;100950;0.024430000;100000;9558456159;B
20240207;100950;0.024430000;1360000;9558456196;B
20240207;100950;0.024430000;5000000;9558456197;B
20240207;100950;0.024430000;13400000;9558456198;B
20240207;100950;0.024430000;2730000;9558456199;B
20240207;100950;0.024435000;1000000;9558456200;B
20240207;100950;0.024435000;1190000;9558456201;B
20240207;100951;0.024440000;70000;9558456286;B
20240207;100952;0.024440000;20000;9558456440;B
20240207;100953;0.024440000;40000;9558456591;B
20240207;100953;0.024440000;100000;9558456633;B
20240207;100953;0.024440000;100000;9558456640;B
20240207;100955;0.024435000;40000;9558456830;S
20240207;100955;0.024440000;100000;9558456842;B
20240207;100955;0.024440000;390000;9558456875;B
20240207;100955;0.024440000;1000000;9558456876;B
20240207;100955;0.024440000;10000;9558456877;B
20240207;100955;0.024440000;100000;9558456878;B
20240207;100956;0.024440000;30000;9558456924;B
20240207;100956;0.024435000;1960000;9558457033;S
20240207;100956;0.024435000;3040000;9558457034;S
20240207;100957;0.024440000;10000;9558457169;B
20240207;100959;0.024435000;460000;9558457364;S
20240207;100959;0.024435000;2500000;9558457365;S
20240207;100959;0.024430000;1000000;9558457366;S
20240207;100959;0.024430000;2710000;9558457367;S
20240207;100959;0.024430000;5000000;9558457368;S
20240207;100959;0.024425000;970000;9558457369;S
20240207;100959;0.024425000;4110000;9558457370;S
20240207;100959;0.024425000;4340000;9558457371;S
20240207;100959;0.024425000;50000;9558457396;S
20240207;101000;0.024435000;30000;9558457538;B
20240207;101000;0.024435000;10000;9558457549;B
20240207;101000;0.024435000;960000;9558457684;B
20240207;101000;0.024435000;40000;9558457685;B
20240207;101001;0.024435000;1000000;9558457761;B
20240207;101001;0.024440000;60000;9558457762;B
20240207;101001;0.024440000;940000;9558457763;B
20240207;101001;0.024425000;50000;9558457800;S
20240207;101001;0.024435000;10000;9558457802;B
20240207;101002;0.024425000;40000;9558457862;S
20240207;101002;0.024425000;5860000;9558457891;S
20240207;101002;0.024425000;1230000;9558457892;S
20240207;101002;0.024425000;12310000;9558457893;S
20240207;101002;0.024425000;1000000;9558457894;S
20240207;101002;0.024425000;4110000;9558457895;S
20240207;101002;0.024425000;10000;9558457896;S
20240207;101002;0.024425000;10000;9558457897;S
20240207;101002;0.024425000;10000;9558457898;S
20240207;101002;0.024425000;10000;9558457899;S
20240207;101002;0.024425000;10000;9558457900;S
20240207;101002;0.024420000;1730000;9558457901;S
20240207;101002;0.024435000;1000000;9558457958;B
20240207;101003;0.024435000;2000000;9558458026;S
20240207;101003;0.024430000;100000;9558458072;B
20240207;101003;0.024430000;200000;9558458081;B
20240207;101004;0.024430000;1000000;9558458230;B
20240207;101004;0.024430000;1700000;9558458234;B
20240207;101004;0.024430000;300000;9558458235;B
20240207;101004;0.024425000;80000;9558458302;S
20240207;101006;0.024425000;1000000;9558458458;B
20240207;101006;0.024420000;10000000;9558458476;S
20240207;101006;0.024425000;500000;9558458507;B
20240207;101007;0.024420000;10000;9558458621;S
20240207;101007;0.024425000;1000000;9558458659;B
20240207;101007;0.024425000;80000;9558458661;B
20240207;101007;0.024420000;20000;9558458694;S
20240207;101008;0.024420000;40000;9558458781;S
20240207;101009;0.024425000;2340000;9558458892;B
20240207;101009;0.024425000;2660000;9558458893;B
20240207;101010;0.024425000;1300000;9558459076;B
20240207;101011;0.024425000;1000000;9558459095;B
20240207;101011;0.024425000;40000;9558459170;B
20240207;101011;0.024425000;10000;9558459171;B
20240207;101012;0.024425000;150000;9558459222;S
20240207;101012;0.024420000;19850000;9558459223;S
20240207;101012;0.024430000;330000;9558459286;B
20240207;101013;0.024420000;220000;9558459476;S
20240207;101015;0.024430000;10000;9558459847;B
20240207;101016;0.024430000;360000;9558459888;B
20240207;101016;0.024430000;640000;9558459889;B
20240207;101017;0.024430000;10000;9558460016;B
20240207;101018;0.024430000;2990000;9558460140;B
20240207;101018;0.024430000;7010000;9558460141;B
20240207;101019;0.024425000;2000000;9558460235;S
20240207;101019;0.024420000;1000000;9558460236;S
20240207;101019;0.024430000;20000;9558460270;B
20240207;101024;0.024430000;2000000;9558461008;B
20240207;101024;0.024430000;900000;9558461051;B
20240207;101025;0.024425000;90000;9558461165;S
20240207;101026;0.024425000;250000;9558461176;S
20240207;101026;0.024425000;20000;9558461233;S
20240207;101026;0.024425000;150000;9558461285;S
20240207;101027;0.024425000;10000;9558461384;S
20240207;101027;0.024430000;80000;9558461388;B
20240207;101027;0.024430000;20000;9558461389;B
20240207;101027;0.024435000;30000;9558461480;B
20240207;101030;0.024435000;10000;9558461795;B
20240207;101031;0.024430000;70000;9558461897;S
20240207;101031;0.024435000;450000;9558461922;B
20240207;101032;0.024430000;90000;9558462061;S
20240207;101032;0.024430000;2950000;9558462062;S
20240207;101032;0.024430000;1000000;9558462063;S
20240207;101032;0.024430000;50000;9558462064;S
20240207;101032;0.024425000;910000;9558462065;S
20240207;101032;0.024435000;20000;9558462139;B
20240207;101033;0.024435000;230000;9558462261;B
20240207;101033;0.024425000;30000;9558462347;S
20240207;101039;0.024435000;100000;9558463098;B
20240207;101040;0.024435000;10000;9558463371;B
20240207;101041;0.024435000;10000;9558463695;B
20240207;101041;0.024430000;630000;9558463726;S
20240207;101041;0.024430000;870000;9558463727;S
20240207;101043;0.024435000;6000000;9558463904;B
20240207;101044;0.024435000;50000;9558464075;B
20240207;101045;0.024430000;4000000;9558464178;S
20240207;101045;0.024430000;800000;9558464242;S
20240207;101045;0.024430000;1700000;9558464243;S
20240207;101045;0.024435000;100000;9558464261;B
20240207;101047;0.024430000;190000;9558464496;S
20240207;101048;0.024430000;1000000;9558464744;S
20240207;101049;0.024435000;500000;9558464929;B
20240207;101052;0.024430000;1500000;9558465256;S
20240207;101053;0.024430000;830000;9558465359;S
20240207;101055;0.024435000;40000;9558465514;B
20240207;101056;0.024435000;100000;9558465693;B
20240207;101057;0.024435000;1000000;9558465921;B
20240207;101057;0.024435000;100000;9558465922;B
20240207;101059;0.024435000;1000000;9558466145;B
20240207;101104;0.024435000;1000000;9558467245;B
20240207;101104;0.024435000;10000;9558467247;B
20240207;101104;0.024430000;10000;9558467256;S
20240207;101104;0.024430000;5000000;9558467277;S
20240207;101105;0.024430000;40000;9558467432;S
20240207;101106;0.024435000;1000000;9558467606;B
20240207;101107;0.024430000;60000;9558467688;S
20240207;101108;0.024435000;100000;9558467820;B
20240207;101108;0.024430000;80000;9558467822;S
20240207;101110;0.024435000;1000000;9558468187;B
20240207;101112;0.024435000;140000;9558468302;B
20240207;101112;0.024435000;100000;9558468303;B
20240207;101112;0.024435000;40000;9558468304;B
20240207;101113;0.024435000;10000;9558468470;B
20240207;101113;0.024435000;4990000;9558468471;B
20240207;101113;0.024435000;2070000;9558468489;B
20240207;101114;0.024435000;10000;9558468643;B
20240207;101114;0.024435000;60000;9558468663;B
20240207;101114;0.024435000;50000;9558468674;B
20240207;101115;0.024435000;250000;9558468727;B
20240207;101115;0.024435000;10000;9558468752;B
20240207;101116;0.024435000;13540000;9558468869;B
20240207;101116;0.024435000;180000;9558468926;B
20240207;101117;0.024435000;3840000;9558469097;B
20240207;101118;0.024440000;10000;9558469203;B
20240207;101118;0.024440000;990000;9558469204;B
20240207;101118;0.024440000;10000;9558469230;B
20240207;101118;0.024440000;10000;9558469231;B
20240207;101119;0.024440000;90000;9558469383;B
20240207;101119;0.024440000;10000;9558469384;B
20240207;101119;0.024435000;100000;9558469387;S
20240207;101121;0.024440000;910000;9558469669;B
20240207;101121;0.024440000;80000;9558469684;B
20240207;101121;0.024440000;2690000;9558469685;B
20240207;101121;0.024440000;7230000;9558469686;B
20240207;101122;0.024440000;60000;9558469838;B
20240207;101122;0.024435000;10000;9558469856;S
20240207;101123;0.024440000;620000;9558469932;B
20240207;101123;0.024435000;50000;9558469963;S
20240207;101124;0.024440000;100000;9558469993;B
20240207;101125;0.024440000;2500000;9558470234;B
20240207;101125;0.024440000;500000;9558470235;B
20240207;101126;0.024435000;10000;9558470362;S
20240207;101129;0.024435000;20000;9558470687;S
20240207;101129;0.024440000;1220000;9558470796;B
20240207;101129;0.024440000;10000;9558470797;B
20240207;101129;0.024440000;300000;9558470798;B
20240207;101129;0.024445000;1970000;9558470799;B
20240207;101129;0.024445000;20000;9558470804;B
20240207;101130;0.024445000;100000;9558470857;B
20240207;101130;0.024445000;140000;9558470887;B
20240207;101132;0.024440000;100000;9558471156;S
20240207;101132;0.024435000;50000;9558471157;S
20240207;101133;0.024445000;20000;9558471323;B
20240207;101134;0.024445000;100000;9558471409;B
20240207;101134;0.024445000;3960000;9558471457;B
20240207;101135;0.024445000;20000;9558471496;B
20240207;101135;0.024445000;640000;9558471559;B
20240207;101136;0.024445000;120000;9558471702;B
20240207;101139;0.024445000;1000000;9558472022;B
20240207;101140;0.024445000;100000;9558472071;B
20240207;101140;0.024445000;10000;9558472146;B
20240207;101142;0.024445000;500000;9558472491;B
20240207;101142;0.024445000;60000;9558472529;B
20240207;101144;0.024445000;10000;9558472829;B
20240207;101146;0.024440000;20000;9558472979;S
20240207;101146;0.024440000;100000;9558472980;S
20240207;101146;0.024440000;10000;9558472981;S
20240207;101146;0.024435000;10000;9558473012;S
20240207;101148;0.024440000;2560000;9558473229;B
20240207;101149;0.024435000;30000;9558473453;S
20240207;101150;0.024440000;400000;9558473645;B
20240207;101151;0.024440000;740000;9558474001;B
20240207;101151;0.024440000;350000;9558474015;B
20240207;101153;0.024440000;1000000;9558474275;B
20240207;101155;0.024440000;110000;9558474648;B
20240207;101155;0.024440000;100000;9558474667;B
20240207;101155;0.024440000;1770000;9558474699;B
20240207;101156;0.024440000;4230000;9558474819;B
20240207;101156;0.024440000;2720000;9558474820;B
20240207;101156;0.024440000;13330000;9558474821;B
20240207;101156;0.024440000;2500000;9558474822;B
20240207;101156;0.024445000;51210000;9558474823;B
20240207;101156;0.024445000;1000000;9558474824;B
20240207;101156;0.024445000;10000;9558474825;B
20240207;101156;0.024445000;10000;9558474826;B
20240207;101156;0.024445000;210000;9558474827;B
20240207;101156;0.024445000;370000;9558474828;B
20240207;101156;0.024445000;30000;9558474829;B
20240207;101156;0.024445000;20000;9558474830;B
20240207;101156;0.024445000;10000;9558474831;B
20240207;101156;0.024445000;30000;9558474832;B
20240207;101156;0.024445000;3000000;9558474833;B
20240207;101156;0.024445000;4000000;9558474834;B
20240207;101156;0.024445000;500000;9558474835;B
20240207;101156;0.024445000;5000000;9558474836;B
20240207;101156;0.024450000;6160000;9558474837;B
20240207;101156;0.024450000;1000000;9558474838;B
20240207;101156;0.024450000;10000;9558474839;B
20240207;101156;0.024450000;10000;9558474840;B
20240207;101156;0.024450000;10000;9558474841;B
20240207;101156;0.024450000;10000;9558474842;B
20240207;101156;0.024450000;10000;9558474843;B
20240207;101156;0.024450000;1000000;9558474844;B
20240207;101156;0.024450000;6400000;9558474845;B
20240207;101156;0.024450000;10000;9558474846;B
20240207;101156;0.024450000;10000;9558474847;B
20240207;101156;0.024450000;150000;9558474848;B
20240207;101156;0.024450000;500000;9558474849;B
20240207;101156;0.024450000;2000000;9558474850;B
20240207;101156;0.024450000;40000;9558474851;B
20240207;101156;0.024450000;20000;9558474852;B
20240207;101156;0.024450000;100000;9558474853;B
20240207;101156;0.024450000;1000000;9558474854;B
20240207;101156;0.024450000;10000;9558474855;B
20240207;101156;0.024450000;10000000;9558474856;B
20240207;101156;0.024450000;5000000;9558474857;B
20240207;101156;0.024450000;10000;9558474858;B
20240207;101156;0.024450000;90000;9558474859;B
20240207;101156;0.024450000;50000;9558474860;B
20240207;101156;0.024450000;1200000;9558474861;B
20240207;101156;0.024450000;930000;9558474862;B
20240207;101156;0.024450000;50000;9558474863;B
20240207;101156;0.024450000;50000;9558474864;B
20240207;101156;0.024450000;10000;9558474865;B
20240207;101156;0.024450000;10000;9558474866;B
20240207;101156;0.024450000;12270000;9558474867;B
20240207;101156;0.024450000;10000;9558474868;B
20240207;101156;0.024450000;1000000;9558474869;B
20240207;101156;0.024455000;10000;9558474870;B
20240207;101156;0.024455000;10000;9558474871;B
20240207;101156;0.024455000;10000;9558474872;B
20240207;101156;0.024455000;10000;9558474873;B
20240207;101156;0.024455000;10000;9558474874;B
20240207;101156;0.024455000;40000;9558474875;B
20240207;101156;0.024455000;20000;9558474876;B
20240207;101156;0.024455000;10000;9558474877;B
20240207;101156;0.024455000;10000;9558474878;B
20240207;101156;0.024455000;40000;9558474879;B
20240207;101156;0.024455000;210000;9558474880;B
20240207;101156;0.024455000;10000;9558474881;B
20240207;101156;0.024455000;20000;9558474882;B
20240207;101156;0.024455000;10000;9558474883;B
20240207;101156;0.024455000;10000;9558474884;B
20240207;101156;0.024455000;20000;9558474885;B
20240207;101156;0.024455000;5000000;9558474886;B
20240207;101156;0.024455000;1000000;9558474887;B
20240207;101156;0.024455000;10000;9558474888;B
20240207;101156;0.024455000;10000;9558474889;B
20240207;101156;0.024455000;10000;9558474890;B
20240207;101156;0.024455000;10000;9558474891;B
20240207;101156;0.024455000;10000;9558474892;B
20240207;101156;0.024455000;1000000;9558474893;B
20240207;101156;0.024455000;1000000;9558474894;B
20240207;101156;0.024455000;29000000;9558474895;B
20240207;101156;0.024455000;6000000;9558474896;B
20240207;101156;0.024455000;50000;9558474897;B
20240207;101156;0.024455000;40000;9558474898;B
20240207;101156;0.024455000;10000;9558474899;B
20240207;101156;0.024455000;40000;9558474900;B
20240207;101156;0.024455000;10000000;9558474901;B
20240207;101156;0.024455000;10000000;9558474902;B
20240207;101156;0.024455000;20000;9558474903;B
20240207;101156;0.024455000;10000000;9558474904;B
20240207;101156;0.024455000;5670000;9558474905;B
20240207;101156;0.024455000;10000000;9558474906;B
20240207;101156;0.024460000;1000000;9558474907;B
20240207;101156;0.024460000;20000;9558474908;B
20240207;101156;0.024460000;20000;9558474909;B
20240207;101156;0.024460000;1000000;9558474910;B
20240207;101156;0.024460000;1000000;9558474911;B
20240207;101156;0.024460000;10000;9558474912;B
20240207;101156;0.024460000;6000000;9558474913;B
20240207;101156;0.024460000;10000;9558474914;B
20240207;101156;0.024460000;10000;9558474915;B
20240207;101156;0.024460000;90000000;9558474916;B
20240207;101156;0.024460000;56770000;9558474917;B
20240207;101156;0.024460000;10000;9558474918;B
20240207;101156;0.024460000;10000;9558474919;B
20240207;101156;0.024460000;1000000;9558474920;B
20240207;101156;0.024460000;70000;9558474921;B
20240207;101156;0.024460000;3000000;9558474922;B
20240207;101156;0.024460000;50000;9558474923;B
20240207;101156;0.024460000;4000000;9558474924;B
20240207;101156;0.024460000;750000;9558474925;B
20240207;101156;0.024460000;400000;9558474926;B
20240207;101156;0.024460000;10000;9558474927;B
20240207;101156;0.024460000;5670000;9558474928;B
20240207;101156;0.024460000;12310000;9558474929;B
20240207;101156;0.024460000;4110000;9558474930;B
20240207;101156;0.024460000;100000;9558474931;B
20240207;101156;0.024465000;1000000;9558474932;B
20240207;101156;0.024465000;100000000;9558474933;B
20240207;101156;0.024465000;1000000;9558474934;B
20240207;101156;0.024465000;10000;9558474935;B
20240207;101156;0.024465000;5670000;9558474936;B
20240207;101156;0.024465000;6000000;9558474937;B
20240207;101156;0.024465000;30000;9558474938;B
20240207;101156;0.024465000;1000000;9558474939;B
20240207;101156;0.024465000;1000000;9558474940;B
20240207;101156;0.024465000;36560000;9558474941;B
20240207;101156;0.024450000;1000000;9558474944;S
20240207;101156;0.024450000;1700000;9558474945;S
20240207;101156;0.024455000;10000;9558474961;B
20240207;101157;0.024450000;300000;9558475012;S
20240207;101157;0.024450000;10000;9558475091;S
20240207;101157;0.024450000;310000;9558475107;S
20240207;101159;0.024455000;100000;9558475683;B
20240207;101159;0.024455000;320000;9558475684;B
20240207;101159;0.024455000;580000;9558475685;B
20240207;101159;0.024455000;10000;9558475698;B
20240207;101159;0.024450000;20000;9558475732;S
20240207;101200;0.024455000;10000;9558475744;B
20240207;101200;0.024455000;200000;9558475754;B
20240207;101200;0.024450000;10000;9558475763;S
20240207;101200;0.024450000;340000;9558475793;S
20240207;101201;0.024455000;2780000;9558475892;B
20240207;101201;0.024455000;4470000;9558475893;B
20240207;101201;0.024455000;2750000;9558475894;B
20240207;101201;0.024450000;130000;9558475984;S
20240207;101201;0.024455000;10000;9558476016;B
20240207;101202;0.024450000;240000;9558476077;S
20240207;101202;0.024450000;40000;9558476129;S
20240207;101203;0.024450000;10000;9558476197;S
20240207;101203;0.024450000;40000;9558476258;S
20240207;101204;0.024455000;40000;9558476353;S
20240207;101205;0.024455000;40000;9558476529;S
20240207;101205;0.024460000;20000;9558476556;B
20240207;101205;0.024455000;40000;9558476592;S
20240207;101205;0.024455000;40000;9558476605;S
20240207;101206;0.024460000;10000;9558476676;B
20240207;101206;0.024455000;200000;9558476713;S
20240207;101207;0.024450000;40000;9558476863;S
20240207;101208;0.024460000;70000;9558476963;B
20240207;101208;0.024460000;590000;9558476964;B
20240207;101208;0.024460000;2410000;9558477062;B
20240207;101208;0.024460000;1000000;9558477063;B
20240207;101208;0.024460000;670000;9558477064;B
20240207;101209;0.024460000;10000;9558477222;B
20240207;101209;0.024460000;990000;9558477298;B
20240207;101209;0.024460000;12750000;9558477299;B
20240207;101212;0.024450000;1000000;9558477808;S
20240207;101215;0.024455000;5000000;9558478122;B
20240207;101215;0.024455000;13190000;9558478123;B
20240207;101215;0.024455000;2700000;9558478124;B
20240207;101215;0.024460000;10000;9558478125;B
20240207;101215;0.024460000;3000000;9558478126;B
20240207;101215;0.024460000;1000000;9558478127;B
20240207;101215;0.024460000;4110000;9558478128;B
20240207;101215;0.024460000;4000000;9558478129;B
20240207;101215;0.024465000;7860000;9558478130;B
20240207;101215;0.024460000;500000;9558478244;B
20240207;101216;0.024460000;10000;9558478427;B
20240207;101216;0.024460000;400000;9558478455;B
20240207;101217;0.024460000;1000000;9558478536;B
20240207;101217;0.024460000;10000;9558478638;B
20240207;101218;0.024460000;10000;9558478838;B
20240207;101220;0.024455000;10000;9558479175;S
20240207;101220;0.024455000;410000;9558479176;S
20240207;101221;0.024455000;2530000;9558479212;S
20240207;101221;0.024460000;20000;9558479260;B
20240207;101221;0.024460000;100000;9558479278;B
20240207;101221;0.024455000;20000;9558479366;S
20240207;101222;0.024455000;20000;9558479542;S
20240207;101224;0.024460000;10000;9558479811;B
20240207;101225;0.024455000;10000;9558480051;S
20240207;101225;0.024460000;10000;9558480108;B
20240207;101227;0.024455000;20000;9558480418;S
20240207;101227;0.024460000;1000000;9558480557;B
20240207;101228;0.024460000;180000;9558480731;B
20240207;101228;0.024460000;30000;9558480732;B
20240207;101228;0.024460000;150000;9558480745;B
20240207;101229;0.024455000;120000;9558480799;S
20240207;101229;0.024455000;40000;9558480800;S
20240207;101229;0.024455000;340000;9558480853;S
20240207;101230;0.024460000;20000;9558480943;B
20240207;101231;0.024460000;10000;9558481152;B
20240207;101232;0.024455000;10000;9558481202;S
20240207;101234;0.024460000;10000;9558481527;B
20240207;101235;0.024455000;420000;9558481643;S
20240207;101235;0.024455000;4580000;9558481644;S
20240207;101235;0.024455000;10000;9558481667;S
20240207;101237;0.024460000;2000000;9558481944;B
20240207;101239;0.024455000;10000;9558482274;S
20240207;101240;0.024455000;30000;9558482560;S
20240207;101241;0.024455000;100000;9558482607;S
20240207;101241;0.024455000;30000;9558482623;S
20240207;101241;0.024455000;30000;9558482821;S
20240207;101242;0.024455000;30000;9558482877;S
20240207;101242;0.024455000;30000;9558482958;S
20240207;101243;0.024455000;30000;9558483019;S
20240207;101243;0.024455000;30000;9558483086;S
20240207;101243;0.024455000;200000;9558483127;S
20240207;101244;0.024455000;30000;9558483245;S
20240207;101244;0.024460000;10000;9558483250;B
20240207;101244;0.024455000;4860000;9558483378;S
20240207;101244;0.024455000;10000;9558483379;S
20240207;101244;0.024455000;1660000;9558483380;S
20240207;101244;0.024455000;600000;9558483391;B
20240207;101244;0.024450000;30000;9558483411;S
20240207;101245;0.024450000;30000;9558483625;S
20240207;101245;0.024450000;30000;9558483696;S
20240207;101246;0.024450000;30000;9558483750;S
20240207;101247;0.024455000;20000;9558483865;B
20240207;101247;0.024450000;30000;9558483875;S
20240207;101248;0.024455000;13000000;9558484106;B
20240207;101249;0.024455000;10000;9558484220;B
20240207;101250;0.024455000;90000;9558484251;B
20240207;101253;0.024450000;10000;9558484758;S
20240207;101255;0.024450000;37980000;9558485044;S
20240207;101255;0.024450000;10520000;9558485045;S
20240207;101256;0.024455000;1000000;9558485132;B
20240207;101257;0.024450000;100000;9558485259;S
20240207;101258;0.024450000;20000;9558485463;S
20240207;101300;0.024450000;5000000;9558485760;S
20240207;101300;0.024455000;10000;9558485839;B
20240207;101302;0.024455000;530000;9558486342;B
20240207;101302;0.024455000;90000;9558486356;B
20240207;101303;0.024455000;500000;9558486415;B
20240207;101303;0.024455000;200000;9558486487;B
20240207;101304;0.024450000;10000;9558486636;S
20240207;101304;0.024450000;20000;9558486705;S
20240207;101304;0.024455000;4000000;9558486709;B
20240207;101305;0.024455000;10000000;9558486828;B
20240207;101305;0.024455000;100000;9558486838;B
20240207;101306;0.024455000;20000;9558486990;B
20240207;101306;0.024450000;10000;9558486991;S
20240207;101307;0.024450000;10000000;9558487120;S
20240207;101307;0.024450000;30000;9558487136;S
20240207;101310;0.024450000;800000;9558487490;S
20240207;101313;0.024455000;10000;9558487805;B
20240207;101313;0.024450000;30000;9558487828;S
20240207;101313;0.024450000;10000;9558487876;S
20240207;101314;0.024455000;300000;9558488008;B
20240207;101315;0.024450000;1930000;9558488109;S
20240207;101316;0.024450000;10000;9558488192;S
20240207;101316;0.024455000;12990000;9558488293;B
20240207;101316;0.024455000;2680000;9558488294;B
20240207;101316;0.024455000;7120000;9558488295;B
20240207;101316;0.024455000;8900000;9558488296;B
20240207;101316;0.024455000;1000000;9558488297;B
20240207;101316;0.024455000;20000;9558488298;B
20240207;101317;0.024460000;4000000;9558488443;B
20240207;101318;0.024460000;10000;9558488528;B
20240207;101321;0.024455000;110000;9558489179;S
20240207;101322;0.024455000;70000;9558489326;S
20240207;101323;0.024460000;780000;9558489423;B
20240207;101323;0.024460000;40000;9558489424;B
20240207;101323;0.024460000;10000;9558489425;B
20240207;101323;0.024460000;50000;9558489426;B
20240207;101323;0.024460000;5550000;9558489427;B
20240207;101323;0.024460000;4110000;9558489428;B
20240207;101323;0.024460000;250000;9558489429;B
20240207;101323;0.024460000;100000;9558489430;B
20240207;101323;0.024460000;15000000;9558489431;B
20240207;101323;0.024460000;12310000;9558489432;B
20240207;101323;0.024460000;30000;9558489433;B
20240207;101323;0.024460000;10000;9558489434;B
20240207;101323;0.024460000;11760000;9558489435;B
20240207;101323;0.024460000;8240000;9558489451;B
20240207;101323;0.024460000;1800000;9558489452;B
20240207;101323;0.024460000;250000;9558489453;B
20240207;101323;0.024460000;10000;9558489454;B
20240207;101323;0.024460000;1950000;9558489455;B
20240207;101325;0.024455000;410000;9558489931;S
20240207;101326;0.024460000;500000;9558490085;B
20240207;101326;0.024460000;500000;9558490086;B
20240207;101326;0.024460000;30000;9558490098;B
20240207;101326;0.024460000;20000;9558490167;B
20240207;101326;0.024460000;4950000;9558490182;B
20240207;101326;0.024460000;4110000;9558490183;B
20240207;101326;0.024460000;1200000;9558490184;B
20240207;101326;0.024460000;2850000;9558490185;B
20240207;101326;0.024460000;6180000;9558490186;B
20240207;101326;0.024460000;12310000;9558490187;B
20240207;101326;0.024465000;7400000;9558490188;B
20240207;101327;0.024460000;4110000;9558490496;B
20240207;101327;0.024465000;12620000;9558490497;B
20240207;101327;0.024465000;33270000;9558490498;B
20240207;101327;0.024465000;140000;9558490514;B
20240207;101328;0.024460000;40000;9558490609;S
20240207;101328;0.024465000;220000;9558490610;B
20240207;101328;0.024460000;10000;9558490661;S
20240207;101329;0.024465000;50000000;9558490690;B
20240207;101329;0.024460000;280000;9558490760;S
20240207;101329;0.024460000;670000;9558490787;S
20240207;101329;0.024460000;3000000;9558490788;S
20240207;101329;0.024460000;1000000;9558490789;S
20240207;101329;0.024460000;3330000;9558490790;S
20240207;101330;0.024460000;1500000;9558490840;S
20240207;101330;0.024465000;10000;9558491040;B
20240207;101333;0.024460000;200000;9558491498;S
20240207;101333;0.024465000;350000;9558491525;B
20240207;101333;0.024465000;20000;9558491545;B
20240207;101334;0.024465000;15990000;9558491615;B
20240207;101334;0.024465000;10000;9558491616;B
20240207;101334;0.024465000;10000;9558491617;B
20240207;101334;0.024465000;10000;9558491618;B
20240207;101334;0.024465000;10000;9558491619;B
20240207;101334;0.024465000;2040000;9558491620;B
20240207;101334;0.024465000;100000;9558491621;B
20240207;101334;0.024465000;10000;9558491622;B
20240207;101334;0.024465000;9010000;9558491623;B
20240207;101335;0.024465000;10000;9558491727;B
20240207;101335;0.024465000;10000;9558491728;B
20240207;101335;0.024465000;200000;9558491729;B
20240207;101335;0.024460000;800000;9558491733;S
20240207;101335;0.024460000;50000;9558491734;S
20240207;101335;0.024460000;2910000;9558491735;S
20240207;101335;0.024460000;12310000;9558491736;S
20240207;101335;0.024455000;13890000;9558491737;S
20240207;101335;0.024460000;200000;9558491762;S
20240207;101335;0.024465000;2000000;9558491773;B
20240207;101336;0.024460000;70000;9558491874;S
20240207;101336;0.024460000;10000;9558491887;S
20240207;101337;0.024460000;720000;9558492052;S
20240207;101337;0.024455000;9490000;9558492053;S
20240207;101337;0.024460000;50000;9558492096;S
20240207;101338;0.024465000;220000;9558492245;B
20240207;101340;0.024465000;360000;9558492426;B
20240207;101342;0.024460000;90000;9558492712;S
20240207;101343;0.024460000;10000;9558492749;S
20240207;101343;0.024460000;10000;9558492791;S
20240207;101343;0.024455000;490000;9558492792;S
20240207;101343;0.024465000;10000;9558492809;B
20240207;101343;0.024455000;100000;9558492822;S
20240207;101344;0.024460000;300000;9558492881;B
20240207;101344;0.024460000;3000000;9558492882;B
20240207;101344;0.024460000;1700000;9558492883;B
20240207;101344;0.024460000;1000000;9558492949;B
20240207;101346;0.024460000;10000;9558493287;B
20240207;101347;0.024460000;1990000;9558493363;B
20240207;101347;0.024460000;2960000;9558493364;B
20240207;101347;0.024465000;3810000;9558493365;B
20240207;101347;0.024465000;1000000;9558493366;B
20240207;101347;0.024465000;3000000;9558493367;B
20240207;101347;0.024465000;4110000;9558493368;B
20240207;101347;0.024470000;1000000;9558493369;B
20240207;101347;0.024470000;2350000;9558493370;B
20240207;101347;0.024470000;250000;9558493371;B
20240207;101347;0.024470000;520000;9558493372;B
20240207;101347;0.024470000;1000000;9558493373;B
20240207;101347;0.024470000;10000;9558493374;B
20240207;101347;0.024470000;10000;9558493375;B
20240207;101347;0.024470000;10000;9558493376;B
20240207;101347;0.024470000;20000;9558493377;B
20240207;101347;0.024470000;10000;9558493378;B
20240207;101347;0.024470000;1000000;9558493379;B
20240207;101347;0.024470000;5000000;9558493380;B
20240207;101347;0.024470000;50000;9558493381;B
20240207;101347;0.024470000;1500000;9558493382;B
20240207;101347;0.024470000;10000;9558493383;B
20240207;101347;0.024470000;390000;9558493384;B
20240207;101347;0.024470000;300000;9558493435;B
20240207;101348;0.024465000;590000;9558493593;S
20240207;101349;0.024465000;600000;9558493661;B
20240207;101350;0.024465000;60000;9558493817;B
20240207;101351;0.024465000;750000;9558493894;B
20240207;101351;0.024465000;2940000;9558493895;B
20240207;101351;0.024470000;1910000;9558493896;B
20240207;101351;0.024470000;10000;9558493897;B
20240207;101351;0.024470000;3000000;9558493898;B
20240207;101351;0.024470000;10000;9558493899;B
20240207;101351;0.024470000;190000;9558493900;B
20240207;101351;0.024470000;1000000;9558493901;B
20240207;101351;0.024470000;10000;9558493902;B
20240207;101351;0.024470000;180000;9558493903;B
20240207;101354;0.024470000;340000;9558494302;B
20240207;101354;0.024470000;100000;9558494303;B
20240207;101354;0.024470000;30000;9558494304;B
20240207;101354;0.024470000;460000;9558494305;B
20240207;101355;0.024470000;20000;9558494411;B
20240207;101356;0.024460000;10000;9558494593;S
20240207;101356;0.024470000;10000;9558494605;B
20240207;101357;0.024470000;10000;9558494710;B
20240207;101357;0.024470000;300000;9558494804;B
20240207;101400;0.024475000;10000;9558495292;B
20240207;101401;0.024475000;20000;9558495473;B
20240207;101402;0.024475000;3470000;9558495587;B
20240207;101402;0.024475000;10000;9558495588;B
20240207;101402;0.024475000;8770000;9558495589;B
20240207;101403;0.024470000;400000;9558495783;S
20240207;101405;0.024465000;50000;9558496033;S
20240207;101405;0.024465000;50000;9558496049;S
20240207;101405;0.024470000;3000000;9558496064;B
20240207;101406;0.024470000;140000;9558496287;B
20240207;101407;0.024470000;2010000;9558496356;B
20240207;101407;0.024470000;2970000;9558496357;B
20240207;101407;0.024470000;10000;9558496371;S
20240207;101408;0.024470000;2000000;9558496575;S
20240207;101408;0.024475000;1230000;9558496590;B
20240207;101408;0.024475000;650000;9558496591;B
20240207;101409;0.024470000;20000;9558496668;S
20240207;101410;0.024475000;500000;9558496755;B
20240207;101415;0.024470000;10000;9558497904;S
20240207;101416;0.024475000;8850000;9558498161;B
20240207;101416;0.024475000;20000;9558498162;B
20240207;101416;0.024475000;7320000;9558498163;B
20240207;101416;0.024475000;30000;9558498203;B
20240207;101417;0.024470000;10000;9558498392;S
20240207;101418;0.024470000;10000;9558498431;S
20240207;101418;0.024470000;530000;9558498437;S
20240207;101420;0.024475000;50000;9558498797;B
20240207;101422;0.024475000;20000;9558499031;B
20240207;101424;0.024470000;550000;9558499239;S
20240207;101424;0.024475000;10000;9558499251;B
20240207;101425;0.024475000;50000000;9558499466;B
20240207;101428;0.024475000;340000;9558499783;B
20240207;101429;0.024470000;10000;9558499923;S
20240207;101429;0.024470000;120000;9558499930;S
20240207;101429;0.024475000;1000000;9558499956;B
20240207;101429;0.024470000;10000;9558500095;S
20240207;101430;0.024475000;50000;9558500133;B
20240207;101430;0.024470000;1740000;9558500180;S
20240207;101430;0.024470000;260000;9558500181;S
20240207;101431;0.024475000;90000;9558500322;B
20240207;101433;0.024475000;5000000;9558500626;B
20240207;101433;0.024475000;1220000;9558500630;B
20240207;101433;0.024470000;100000;9558500673;S
20240207;101434;0.024475000;34870000;9558500749;B
20240207;101434;0.024475000;1000000;9558500750;B
20240207;101434;0.024475000;10000000;9558500751;B
20240207;101434;0.024475000;10000;9558500752;B
20240207;101434;0.024475000;200000;9558500753;B
20240207;101434;0.024475000;1000000;9558500754;B
20240207;101434;0.024475000;80000;9558500755;B
20240207;101434;0.024475000;10000;9558500756;B
20240207;101434;0.024475000;10000;9558500757;B
20240207;101434;0.024475000;40000;9558500758;B
20240207;101434;0.024475000;10000;9558500759;B
20240207;101434;0.024475000;100000;9558500760;B
20240207;101434;0.024475000;10000;9558500761;B
20240207;101434;0.024475000;3000000;9558500762;B
20240207;101434;0.024475000;10000;9558500763;B
20240207;101434;0.024475000;10000;9558500764;B
20240207;101434;0.024475000;70000;9558500765;B
20240207;101434;0.024475000;4110000;9558500766;B
20240207;101434;0.024475000;2990000;9558500767;B
20240207;101434;0.024475000;10000;9558500768;B
20240207;101434;0.024475000;1000000;9558500769;B
20240207;101434;0.024475000;5820000;9558500770;B
20240207;101434;0.024475000;10640000;9558500771;B
20240207;101439;0.024475000;410000;9558501495;B
20240207;101439;0.024475000;4110000;9558501496;B
20240207;101439;0.024475000;1000000;9558501497;B
20240207;101439;0.024475000;12310000;9558501498;B
20240207;101439;0.024475000;3020000;9558501499;B
20240207;101439;0.024475000;50000;9558501513;S
20240207;101439;0.024475000;100000;9558501529;S
20240207;101440;0.024475000;20000000;9558501617;S
20240207;101440;0.024480000;10000;9558501686;B
20240207;101441;0.024475000;10000;9558501744;S
20240207;101441;0.024480000;30000;9558501748;B
20240207;101442;0.024480000;20000;9558501950;B
20240207;101443;0.024480000;940000;9558501990;B
20240207;101443;0.024480000;10000;9558501991;B
20240207;101443;0.024480000;3050000;9558501992;B
20240207;101444;0.024475000;6000000;9558502103;S
20240207;101444;0.024480000;360000;9558502166;B
20240207;101444;0.024475000;3400000;9558502227;S
20240207;101444;0.024475000;100000;9558502228;S
20240207;101444;0.024480000;30000;9558502296;B
20240207;101445;0.024480000;70000;9558502509;B
20240207;101446;0.024475000;30000000;9558502658;S
20240207;101446;0.024475000;40000;9558502736;S
20240207;101448;0.024475000;600000;9558502871;S
20240207;101448;0.024475000;50000;9558502884;S
20240207;101448;0.024480000;10000;9558502912;B
20240207;101448;0.024480000;1000000;9558502913;B
20240207;101448;0.024475000;20000;9558502922;S
20240207;101448;0.024480000;2000000;9558502934;B
20240207;101449;0.024480000;150000;9558503006;B
20240207;101449;0.024480000;150000;9558503010;B
20240207;101449;0.024480000;700000;9558503034;B
20240207;101449;0.024480000;10000;9558503048;B
20240207;101449;0.024475000;800000;9558503056;S
20240207;101449;0.024475000;10000;9558503141;S
20240207;101450;0.024480000;2000000;9558503170;B
20240207;101450;0.024475000;10000;9558503212;S
20240207;101451;0.024480000;50000;9558503399;B
