<DATE>;<TIME>;<LAST>;<VOL>;<ID>;<OPER>
20240126;095957;0.024395000;10000;9468469037;S
20240126;095957;0.024395000;30000;9468469038;S
20240126;095957;0.024395000;30000;9468469039;S
20240126;095957;0.024395000;10000;9468469040;S
20240126;095957;0.024395000;10000;9468469041;S
20240126;095957;0.024395000;10000;9468469042;S
20240126;095957;0.024395000;10000;9468469043;S
20240126;095957;0.024395000;10000;9468469044;S
20240126;095957;0.024395000;20000;9468469045;S
20240126;095957;0.024395000;150000;9468469046;S
20240126;095957;0.024395000;40000;9468469047;S
20240126;095957;0.024395000;100000;9468469048;S
20240126;095957;0.024395000;100000;9468469049;S
20240126;095957;0.024395000;40000;9468469050;S
20240126;095957;0.024395000;60000;9468469051;S
20240126;095957;0.024395000;10000;9468469052;S
20240126;095957;0.024395000;10000;9468469053;S
20240126;095957;0.024395000;20000;9468469054;S
20240126;095957;0.024395000;50000;9468469055;S
20240126;095957;0.024395000;80000;9468469056;B
20240126;095957;0.024395000;40000;9468469057;B
20240126;095957;0.024395000;10000;9468469058;S
20240126;095957;0.024395000;10000;9468469059;S
20240126;095957;0.024395000;60000;9468469060;B
20240126;095957;0.024395000;430000;9468469061;S
20240126;095957;0.024395000;400000;9468469062;S
20240126;095957;0.024395000;10000;9468469063;S
20240126;095957;0.024395000;30000;9468469064;S
20240126;095957;0.024395000;400000;9468469065;S
20240126;095957;0.024395000;50000;9468469066;S
20240126;095957;0.024395000;200000;9468469067;B
20240126;095957;0.024395000;10000;9468469068;B
20240126;095957;0.024395000;150000;9468469069;B
20240126;095957;0.024395000;3670000;9468469070;B
20240126;095957;0.024395000;10000;9468469071;B
20240126;095957;0.024395000;10000;9468469072;B
20240126;095957;0.024395000;70000;9468469073;B
20240126;095957;0.024395000;100000;9468469074;B
20240126;095957;0.024395000;10000;9468469075;B
20240126;095957;0.024395000;30000;9468469076;B
20240126;095957;0.024395000;900000;9468469077;B
20240126;095957;0.024395000;50000;9468469078;B
20240126;095957;0.024395000;10000;9468469079;B
20240126;095957;0.024395000;80000;9468469080;B
20240126;095957;0.024395000;1000000;9468469081;B
20240126;095957;0.024395000;20000;9468469082;B
20240126;095957;0.024395000;10000;9468469083;B
20240126;095957;0.024395000;50000;9468469084;B
20240126;095957;0.024395000;50000;9468469085;B
20240126;095957;0.024395000;10000;9468469086;B
20240126;095957;0.024395000;40000;9468469087;B
20240126;095957;0.024395000;10000;9468469088;B
20240126;095957;0.024395000;190000;9468469089;B
20240126;095957;0.024395000;500000;9468469090;B
20240126;095957;0.024395000;510000;9468469091;B
20240126;095957;0.024395000;10000;9468469092;B
20240126;095957;0.024395000;480000;9468469093;S
20240126;095957;0.024395000;1000000;9468469094;S
20240126;095957;0.024395000;3000000;9468469095;S
20240126;095957;0.024395000;50000;9468469096;S
20240126;095957;0.024395000;27000000;9468469097;S
20240126;095957;0.024395000;10000;9468469098;S
20240126;095957;0.024395000;2220000;9468469099;S
20240126;095957;0.024395000;10000;9468469100;S
20240126;095957;0.024395000;240000;9468469101;S
20240126;095957;0.024395000;10000;9468469102;S
20240126;095957;0.024395000;10000;9468469103;S
20240126;095957;0.024395000;60000;9468469104;B
20240126;095957;0.024395000;10000;9468469105;S
20240126;095957;0.024395000;30000;9468469106;S
20240126;095957;0.024395000;10000;9468469107;S
20240126;095957;0.024395000;10000;9468469108;S
20240126;095957;0.024395000;60000;9468469109;S
20240126;095957;0.024395000;10000;9468469110;S
20240126;095957;0.024395000;10000;9468469111;S
20240126;095957;0.024395000;100000;9468469112;S
20240126;095957;0.024395000;50000;9468469113;S
20240126;095957;0.024395000;40000;9468469114;S
20240126;095957;0.024395000;10000;9468469115;S
20240126;095957;0.024395000;200000;9468469116;S
20240126;095957;0.024395000;10000;9468469117;S
20240126;095957;0.024395000;10000;9468469118;S
20240126;095957;0.024395000;10000;9468469119;S
20240126;095957;0.024395000;10000;9468469120;S
20240126;095957;0.024395000;10000;9468469121;S
20240126;095957;0.024395000;20000;9468469122;S
20240126;095957;0.024395000;10000;9468469123;S
20240126;095957;0.024395000;10000;9468469124;S
20240126;095957;0.024395000;40000;9468469125;S
20240126;095957;0.024395000;500000;9468469126;S
20240126;095957;0.024395000;10000;9468469127;S
20240126;095957;0.024395000;30000;9468469128;S
20240126;095957;0.024395000;10000;9468469129;S
20240126;095957;0.024395000;10000;9468469130;S
20240126;095957;0.024395000;10000;9468469131;S
20240126;095957;0.024395000;30000;9468469132;B
20240126;100000;0.024395000;11650000;9468469627;B
20240126;100000;0.024395000;300000;9468469683;B
20240126;100000;0.024395000;100000;9468469720;B
20240126;100000;0.024395000;2300000;9468469735;B
20240126;100000;0.024395000;290000;9468469736;B
20240126;100000;0.024395000;10000;9468469737;B
20240126;100000;0.024395000;40000;9468469763;B
20240126;100000;0.024400000;100000;9468469764;B
20240126;100000;0.024400000;10000;9468469766;B
20240126;100000;0.024400000;10000;9468469767;B
20240126;100000;0.024400000;10000;9468469768;B
20240126;100000;0.024400000;470000;9468469769;B
20240126;100000;0.024400000;100000;9468469788;B
20240126;100000;0.024400000;500000;9468469791;B
20240126;100000;0.024400000;200000;9468469800;B
20240126;100000;0.024400000;3300000;9468469801;B
20240126;100000;0.024400000;100000;9468469807;B
20240126;100000;0.024400000;300000;9468469808;B
20240126;100000;0.024400000;2000000;9468469810;B
20240126;100000;0.024400000;1000000;9468469811;B
20240126;100000;0.024400000;100000;9468469819;B
20240126;100000;0.024400000;100000;9468469822;B
20240126;100000;0.024400000;5000000;9468469896;B
20240126;100000;0.024400000;5000000;9468469903;B
20240126;100000;0.024400000;1830000;9468469918;B
20240126;100000;0.024400000;3170000;9468469919;B
20240126;100000;0.024400000;2830000;9468469920;B
20240126;100000;0.024400000;2170000;9468469921;B
20240126;100000;0.024400000;5000000;9468469979;B
20240126;100000;0.024400000;4500000;9468469980;B
20240126;100000;0.024400000;500000;9468469981;B
20240126;100000;0.024400000;100000;9468469984;B
20240126;100000;0.024400000;20000;9468469985;B
20240126;100000;0.024405000;10000;9468470079;B
20240126;100000;0.024405000;12290000;9468470080;B
20240126;100000;0.024405000;10000;9468470093;B
20240126;100000;0.024405000;10000;9468470094;B
20240126;100000;0.024405000;12270000;9468470121;B
20240126;100000;0.024410000;10000;9468470144;B
20240126;100000;0.024410000;12290000;9468470145;B
20240126;100000;0.024410000;1000000;9468470321;S
20240126;100000;0.024410000;3500000;9468470322;S
20240126;100000;0.024410000;200000;9468470331;S
20240126;100000;0.024415000;4000000;9468470333;B
20240126;100000;0.024415000;10000;9468470334;B
20240126;100000;0.024430000;10000;9468470389;B
20240126;100000;0.024430000;190000;9468470390;B
20240126;100001;0.024420000;10000;9468471171;S
20240126;100001;0.024420000;10000;9468471336;S
20240126;100002;0.024425000;20000;9468472060;B
20240126;100002;0.024425000;190000;9468472061;B
20240126;100002;0.024430000;11570000;9468472062;B
20240126;100002;0.024430000;10000;9468472063;B
20240126;100002;0.024430000;8210000;9468472064;B
20240126;100002;0.024420000;10000;9468472163;S
20240126;100003;0.024420000;970000;9468472713;S
20240126;100003;0.024420000;100000;9468472714;S
20240126;100003;0.024420000;100000;9468472715;S
20240126;100003;0.024420000;9800000;9468472716;S
20240126;100003;0.024415000;1000000;9468472717;S
20240126;100003;0.024415000;6000000;9468472718;S
20240126;100003;0.024415000;2030000;9468472719;S
20240126;100004;0.024430000;40000;9468473725;B
20240126;100004;0.024430000;10000;9468473733;B
20240126;100004;0.024420000;40000;9468473734;S
20240126;100004;0.024430000;10000;9468473735;B
20240126;100004;0.024415000;490000;9468473737;S
20240126;100005;0.024430000;10000;9468474733;B
20240126;100005;0.024430000;10000;9468474741;B
20240126;100005;0.024430000;10000;9468474768;B
20240126;100005;0.024430000;20000;9468474773;B
20240126;100005;0.024415000;10000;9468474795;S
20240126;100005;0.024430000;70000;9468474797;B
20240126;100005;0.024430000;50000;9468474800;B
20240126;100005;0.024430000;20000;9468474803;B
20240126;100005;0.024415000;10000;9468474956;S
20240126;100005;0.024415000;10000;9468474960;S
20240126;100005;0.024420000;10000;9468474961;B
20240126;100005;0.024430000;10000;9468475014;B
20240126;100005;0.024430000;50000;9468475410;B
20240126;100005;0.024430000;100000;9468475420;B
20240126;100005;0.024415000;480000;9468475429;S
20240126;100005;0.024415000;750000;9468475430;S
20240126;100005;0.024430000;10000;9468475434;B
20240126;100005;0.024430000;10000;9468475460;B
20240126;100005;0.024420000;10000;9468475466;S
20240126;100005;0.024420000;500000;9468475507;S
20240126;100005;0.024420000;10000;9468475510;S
20240126;100005;0.024420000;50000;9468475512;S
20240126;100005;0.024420000;10000;9468475517;S
20240126;100005;0.024420000;10000;9468475521;S
20240126;100005;0.024420000;20000;9468475525;S
20240126;100005;0.024420000;10000;9468475526;S
20240126;100005;0.024420000;20000;9468475530;S
20240126;100005;0.024420000;20000;9468475533;S
20240126;100005;0.024430000;10000;9468475535;B
20240126;100005;0.024430000;150000;9468475538;B
20240126;100005;0.024420000;50000;9468475541;S
20240126;100005;0.024420000;90000;9468475543;S
20240126;100005;0.024420000;50000;9468475551;S
20240126;100005;0.024420000;20000;9468475555;S
20240126;100005;0.024430000;40000;9468475558;B
20240126;100005;0.024430000;20000;9468475609;B
20240126;100005;0.024430000;40000;9468475610;B
20240126;100005;0.024430000;10000;9468475808;B
20240126;100006;0.024420000;70000;9468476092;S
20240126;100006;0.024430000;20000;9468476172;B
20240126;100006;0.024420000;60000;9468476174;S
20240126;100006;0.024415000;540000;9468476175;S
20240126;100006;0.024420000;180000;9468476372;S
20240126;100006;0.024420000;30000;9468476374;S
20240126;100006;0.024420000;360000;9468476375;S
20240126;100006;0.024420000;10000;9468476376;S
20240126;100006;0.024430000;10000;9468476783;B
20240126;100006;0.024420000;10000;9468476910;S
20240126;100006;0.024420000;300000;9468476911;S
20240126;100006;0.024430000;10000;9468476912;B
20240126;100006;0.024430000;20000;9468477090;B
20240126;100006;0.024420000;40000;9468477309;S
20240126;100007;0.024430000;50000;9468477629;B
20240126;100007;0.024430000;20000;9468477630;B
20240126;100007;0.024430000;50000;9468477803;B
20240126;100007;0.024420000;20000;9468477808;S
20240126;100007;0.024430000;10000;9468477906;B
20240126;100007;0.024430000;40000;9468477907;B
20240126;100007;0.024420000;10000;9468477908;S
20240126;100007;0.024430000;50000;9468477909;B
20240126;100007;0.024420000;40000;9468477910;S
20240126;100007;0.024420000;10000;9468477911;S
20240126;100007;0.024425000;210000;9468477985;S
20240126;100007;0.024425000;790000;9468478136;S
20240126;100007;0.024420000;90000;9468478137;S
20240126;100007;0.024420000;1000000;9468478138;S
20240126;100007;0.024415000;1000000;9468478139;S
20240126;100007;0.024415000;4620000;9468478140;S
20240126;100008;0.024430000;40000;9468478401;B
20240126;100008;0.024420000;800000;9468478402;S
20240126;100008;0.024430000;10000;9468478403;B
20240126;100010;0.024420000;10000;9468479140;S
20240126;100010;0.024430000;600000;9468479199;B
20240126;100010;0.024420000;20000;9468479294;S
20240126;100010;0.024420000;140000;9468479396;S
20240126;100010;0.024430000;1180000;9468479413;B
20240126;100011;0.024430000;250000;9468479497;B
20240126;100011;0.024430000;20000;9468479587;B
20240126;100015;0.024425000;10000;9468480543;B
20240126;100015;0.024430000;20000;9468480544;B
20240126;100016;0.024430000;5980000;9468480859;B
20240126;100016;0.024430000;250000;9468480860;B
20240126;100016;0.024435000;10000;9468480861;B
20240126;100016;0.024435000;6000000;9468480862;B
20240126;100016;0.024435000;7760000;9468480863;B
20240126;100016;0.024435000;10000;9468480909;B
20240126;100017;0.024435000;10000;9468480942;B
20240126;100017;0.024435000;70000;9468480965;B
20240126;100017;0.024435000;21300000;9468481009;B
20240126;100017;0.024435000;450000;9468481010;B
20240126;100020;0.024420000;30000;9468482113;S
20240126;100020;0.024420000;260000;9468482114;S
20240126;100020;0.024420000;10000;9468482115;S
20240126;100020;0.024420000;200000;9468482116;S
20240126;100021;0.024430000;10000;9468482263;B
20240126;100021;0.024435000;40000;9468482264;B
20240126;100021;0.024420000;70000;9468482289;S
20240126;100021;0.024420000;10000;9468482293;S
20240126;100023;0.024435000;5000000;9468482786;B
20240126;100025;0.024430000;250000;9468483231;B
20240126;100025;0.024435000;8170000;9468483232;B
20240126;100025;0.024435000;10000;9468483233;B
20240126;100025;0.024440000;20000;9468483234;B
20240126;100025;0.024440000;10000;9468483235;B
20240126;100025;0.024440000;3550000;9468483236;B
20240126;100026;0.024440000;100000;9468483417;B
20240126;100026;0.024435000;10000;9468483481;S
20240126;100027;0.024440000;20000;9468483770;B
20240126;100029;0.024440000;20000;9468484255;B
20240126;100029;0.024440000;3310000;9468484374;B
20240126;100029;0.024440000;34420000;9468484375;B
20240126;100030;0.024440000;110000;9468484583;B
20240126;100030;0.024440000;10000;9468484584;B
20240126;100030;0.024445000;3380000;9468484585;B
20240126;100033;0.024435000;100000;9468485371;S
20240126;100034;0.024435000;4600000;9468485577;S
20240126;100034;0.024435000;4900000;9468485578;S
20240126;100035;0.024440000;10000;9468485788;B
20240126;100035;0.024440000;70000;9468485812;B
20240126;100036;0.024440000;10000;9468485957;B
20240126;100037;0.024435000;2500000;9468486108;S
20240126;100037;0.024435000;10000;9468486188;S
20240126;100038;0.024435000;190000;9468486248;S
20240126;100038;0.024435000;110000;9468486249;S
20240126;100041;0.024435000;30000;9468487114;S
20240126;100042;0.024435000;60000;9468487341;S
20240126;100042;0.024435000;40000;9468487342;S
20240126;100043;0.024440000;160000;9468487491;B
20240126;100043;0.024440000;40000;9468487492;B
20240126;100043;0.024440000;10000;9468487563;B
20240126;100044;0.024440000;10000;9468487778;B
20240126;100044;0.024440000;2000000;9468487903;B
20240126;100047;0.024435000;30000;9468488514;S
20240126;100047;0.024435000;10000;9468488515;S
20240126;100047;0.024435000;70000;9468488516;S
20240126;100047;0.024435000;90000;9468488517;S
20240126;100047;0.024435000;100000;9468488645;S
20240126;100050;0.024435000;150000;9468489155;S
20240126;100050;0.024435000;20000;9468489156;S
20240126;100050;0.024435000;280000;9468489157;S
20240126;100050;0.024435000;10000;9468489158;S
20240126;100050;0.024435000;840000;9468489159;S
20240126;100050;0.024435000;360000;9468489160;S
20240126;100050;0.024435000;280000;9468489161;S
20240126;100050;0.024435000;140000;9468489162;S
20240126;100050;0.024435000;10000;9468489163;S
20240126;100050;0.024435000;220000;9468489164;S
20240126;100050;0.024430000;7850000;9468489165;S
20240126;100050;0.024435000;500000;9468489191;B
20240126;100053;0.024430000;240000;9468489851;S
20240126;100054;0.024430000;1910000;9468489897;S
20240126;100054;0.024425000;100000;9468489945;B
20240126;100056;0.024425000;900000;9468490318;B
20240126;100057;0.024415000;90000;9468490569;S
20240126;100057;0.024410000;17680000;9468490570;S
20240126;100057;0.024410000;10000;9468490571;S
20240126;100057;0.024410000;10000;9468490572;S
20240126;100057;0.024410000;10000;9468490573;S
20240126;100057;0.024410000;10000;9468490574;S
20240126;100057;0.024410000;10000;9468490575;S
20240126;100057;0.024410000;20000;9468490576;S
20240126;100057;0.024410000;2510000;9468490577;S
20240126;100059;0.024410000;23140000;9468490949;S
20240126;100059;0.024405000;6000000;9468490950;S
20240126;100059;0.024405000;12280000;9468490951;S
20240126;100059;0.024400000;380000;9468490952;S
20240126;100059;0.024400000;11650000;9468490953;S
20240126;100059;0.024400000;100000;9468490954;S
20240126;100059;0.024400000;100000;9468490955;S
20240126;100059;0.024400000;100000;9468490956;S
20240126;100059;0.024400000;2000000;9468490957;S
20240126;100059;0.024400000;100000;9468490958;S
20240126;100059;0.024400000;100000;9468490959;S
20240126;100059;0.024400000;1500000;9468490960;S
20240126;100059;0.024400000;6000000;9468490961;S
20240126;100059;0.024400000;10000;9468490962;S
20240126;100059;0.024400000;4100000;9468490963;S
20240126;100059;0.024395000;160000;9468490964;S
20240126;100059;0.024395000;11650000;9468490965;S
20240126;100059;0.024395000;1000000;9468490966;S
20240126;100059;0.024395000;100000;9468490967;S
20240126;100059;0.024395000;3700000;9468490968;S
20240126;100059;0.024395000;500000;9468490969;S
20240126;100059;0.024395000;100000;9468490970;S
20240126;100059;0.024395000;800000;9468490971;S
20240126;100059;0.024395000;300000;9468490972;S
20240126;100059;0.024395000;100000;9468490973;S
20240126;100059;0.024395000;200000;9468490974;S
20240126;100059;0.024395000;100000;9468490975;S
20240126;100059;0.024395000;2500000;9468490976;S
20240126;100059;0.024395000;1000000;9468490977;S
20240126;100059;0.024395000;6000000;9468490978;S
20240126;100059;0.024395000;40000;9468490979;S
20240126;100059;0.024395000;4210000;9468490980;S
20240126;100100;0.024395000;2640000;9468491157;S
20240126;100100;0.024415000;20000;9468491238;B
20240126;100100;0.024415000;60000;9468491239;B
20240126;100101;0.024415000;50000;9468491462;B
20240126;100102;0.024415000;10000;9468491730;B
20240126;100103;0.024395000;20000;9468491898;S
20240126;100104;0.024395000;10000;9468492118;S
20240126;100105;0.024395000;6100000;9468492211;S
20240126;100105;0.024395000;50000;9468492287;S
20240126;100107;0.024405000;10000;9468492520;S
20240126;100107;0.024405000;250000;9468492531;S
20240126;100107;0.024405000;500000;9468492664;S
20240126;100108;0.024415000;10000;9468492768;B
20240126;100108;0.024425000;990000;9468492769;B
20240126;100110;0.024425000;10000;9468493067;B
20240126;100111;0.024405000;40000;9468493434;S
20240126;100116;0.024405000;30000;9468494196;S
20240126;100118;0.024420000;10000;9468494480;B
20240126;100118;0.024425000;80000;9468494481;B
20240126;100118;0.024425000;200000;9468494565;B
20240126;100123;0.024425000;4720000;9468495356;B
20240126;100123;0.024425000;280000;9468495357;B
20240126;100124;0.024425000;10000;9468495653;B
20240126;100128;0.024425000;50000;9468496406;B
20240126;100131;0.024425000;4660000;9468496957;B
20240126;100131;0.024425000;10000;9468496958;B
20240126;100131;0.024425000;6000000;9468496959;B
20240126;100131;0.024425000;580000;9468496960;B
20240126;100131;0.024425000;10000;9468496961;B
20240126;100131;0.024425000;6000000;9468496962;S
20240126;100131;0.024425000;2500000;9468496963;S
20240126;100131;0.024430000;40000;9468496976;B
20240126;100132;0.024425000;240000;9468497251;S
20240126;100133;0.024420000;10000;9468497345;S
20240126;100135;0.024415000;10000;9468497595;B
20240126;100137;0.024410000;300000;9468497882;S
20240126;100138;0.024410000;600000;9468497973;S
20240126;100141;0.024410000;2500000;9468498553;S
20240126;100142;0.024415000;10000;9468498974;B
20240126;100142;0.024415000;990000;9468499190;S
20240126;100142;0.024410000;2010000;9468499191;S
20240126;100147;0.024410000;5490000;9468500202;B
20240126;100148;0.024410000;9080000;9468500243;B
20240126;100148;0.024410000;28930000;9468500438;B
20240126;100148;0.024410000;12740000;9468500439;B
20240126;100152;0.024405000;2000000;9468501156;S
20240126;100152;0.024400000;20000;9468501157;S
20240126;100152;0.024400000;2980000;9468501158;S
20240126;100153;0.024405000;100000;9468501321;B
20240126;100155;0.024405000;10000;9468501620;B
20240126;100155;0.024405000;400000;9468501871;B
20240126;100156;0.024405000;30000;9468502086;B
20240126;100203;0.024400000;130000;9468503295;S
20240126;100206;0.024405000;2200000;9468503705;B
20240126;100206;0.024405000;950000;9468503744;B
20240126;100207;0.024410000;140000;9468503862;B
20240126;100208;0.024405000;10000;9468503889;S
20240126;100208;0.024410000;10000;9468503953;B
20240126;100209;0.024405000;500000;9468504043;S
20240126;100210;0.024405000;4000000;9468504340;S
20240126;100212;0.024410000;7000000;9468504604;B
20240126;100213;0.024410000;20000;9468504640;B
20240126;100213;0.024405000;4910000;9468504647;S
20240126;100213;0.024410000;143800000;9468504657;B
20240126;100213;0.024410000;7070000;9468504658;B
20240126;100213;0.024410000;10000;9468504722;B
20240126;100215;0.024405000;2080000;9468504988;S
20240126;100217;0.024405000;790000;9468505514;S
20240126;100217;0.024405000;220000;9468505515;S
20240126;100217;0.024405000;10000;9468505516;S
20240126;100217;0.024405000;680000;9468505517;S
20240126;100217;0.024400000;2300000;9468505518;S
20240126;100218;0.024410000;1000000;9468505694;B
20240126;100219;0.024410000;1490000;9468505791;B
20240126;100219;0.024410000;2250000;9468505792;B
20240126;100219;0.024420000;1260000;9468505793;B
20240126;100224;0.024420000;170000;9468506478;B
20240126;100226;0.024420000;20000;9468506787;B
20240126;100227;0.024420000;460000;9468506869;B
20240126;100230;0.024420000;100000;9468507325;B
20240126;100233;0.024415000;250000;9468507848;B
20240126;100233;0.024410000;20000;9468507959;S
20240126;100233;0.024410000;10000;9468507960;S
20240126;100234;0.024410000;20000;9468508036;S
20240126;100235;0.024415000;40000;9468508149;B
20240126;100235;0.024415000;30000;9468508248;B
20240126;100236;0.024410000;130000;9468508306;S
20240126;100238;0.024410000;100000;9468508612;S
20240126;100239;0.024415000;400000;9468508616;B
20240126;100241;0.024400000;12280000;9468508968;S
20240126;100241;0.024400000;340000;9468508969;S
20240126;100241;0.024395000;10000;9468508970;S
20240126;100241;0.024395000;10000;9468508971;S
20240126;100241;0.024395000;10000;9468508972;S
20240126;100241;0.024395000;10000;9468508973;S
20240126;100241;0.024395000;10000;9468508974;S
20240126;100241;0.024395000;1500000;9468508975;S
20240126;100241;0.024395000;6000000;9468508976;S
20240126;100241;0.024395000;11650000;9468508977;S
20240126;100241;0.024395000;90000;9468508978;S
20240126;100241;0.024405000;170000;9468508996;S
20240126;100241;0.024400000;80000;9468508997;S
20240126;100244;0.024410000;100000;9468509430;B
20240126;100244;0.024415000;2930000;9468509431;B
20240126;100244;0.024415000;10000;9468509479;B
20240126;100246;0.024415000;1210000;9468509756;B
20240126;100246;0.024415000;410000;9468509757;B
20240126;100246;0.024415000;3380000;9468509758;B
20240126;100246;0.024405000;80000;9468509825;S
20240126;100246;0.024400000;6000000;9468509826;S
20240126;100247;0.024405000;10000;9468509915;S
20240126;100248;0.024415000;10000;9468509973;B
20240126;100250;0.024400000;10000;9468510234;S
20240126;100251;0.024410000;10000;9468510353;B
20240126;100251;0.024415000;40000;9468510354;B
20240126;100254;0.024410000;550000;9468510824;B
20240126;100258;0.024410000;220000;9468511275;B
20240126;100259;0.024410000;20000;9468511473;B
20240126;100300;0.024410000;5210000;9468511650;B
20240126;100300;0.024415000;29790000;9468511651;B
20240126;100300;0.024400000;270000;9468511669;S
20240126;100302;0.024415000;10000;9468511989;B
20240126;100304;0.024415000;10000;9468512387;B
20240126;100307;0.024415000;20000;9468512766;B
20240126;100309;0.024400000;10000;9468513082;S
20240126;100311;0.024405000;10000;9468513449;B
20240126;100312;0.024405000;500000;9468513519;B
20240126;100313;0.024405000;1000000;9468513797;B
20240126;100317;0.024405000;20000;9468514659;B
20240126;100318;0.024405000;1500000;9468514753;B
20240126;100318;0.024405000;80000;9468514918;B
20240126;100320;0.024400000;5920000;9468515123;S
20240126;100320;0.024400000;40000;9468515124;S
20240126;100320;0.024400000;100000;9468515125;S
20240126;100320;0.024400000;1000000;9468515126;S
20240126;100320;0.024400000;150000;9468515127;S
20240126;100320;0.024395000;2000000;9468515128;S
20240126;100320;0.024395000;40000;9468515129;S
20240126;100320;0.024390000;90000;9468515130;S
20240126;100320;0.024390000;10000;9468515131;S
20240126;100320;0.024390000;20000;9468515132;S
20240126;100320;0.024390000;20000;9468515133;S
20240126;100320;0.024390000;400000;9468515134;S
20240126;100320;0.024390000;500000;9468515135;S
20240126;100320;0.024390000;40000;9468515136;S
20240126;100320;0.024390000;40000;9468515137;S
20240126;100320;0.024390000;10000;9468515138;S
20240126;100320;0.024390000;10000;9468515139;S
20240126;100320;0.024390000;10000;9468515140;S
20240126;100320;0.024390000;2000000;9468515141;S
20240126;100320;0.024390000;11650000;9468515142;S
20240126;100320;0.024390000;6000000;9468515143;S
20240126;100320;0.024390000;6300000;9468515144;S
20240126;100320;0.024390000;13650000;9468515145;S
20240126;100320;0.024395000;40000;9468515155;S
20240126;100320;0.024395000;500000;9468515158;S
20240126;100322;0.024405000;10000;9468515492;B
20240126;100323;0.024405000;9000000;9468515540;B
20240126;100323;0.024405000;20000;9468515668;B
20240126;100325;0.024395000;10000;9468515929;S
20240126;100326;0.024395000;100000;9468516168;S
20240126;100326;0.024395000;1780000;9468516169;S
20240126;100326;0.024400000;20000;9468516186;B
20240126;100328;0.024400000;20000;9468516584;B
20240126;100330;0.024395000;30000;9468517229;S
20240126;100331;0.024400000;60000;9468517464;B
20240126;100332;0.024395000;10000;9468517532;S
20240126;100332;0.024395000;5000000;9468517590;S
20240126;100333;0.024395000;300000;9468517674;S
20240126;100334;0.024395000;500000;9468517986;S
20240126;100335;0.024395000;100000;9468518113;S
20240126;100335;0.024395000;10000;9468518190;S
20240126;100335;0.024400000;50000;9468518245;B
20240126;100338;0.024400000;10000;9468519603;B
20240126;100339;0.024400000;20000;9468519758;B
20240126;100340;0.024400000;14000000;9468520053;B
20240126;100341;0.024400000;10000;9468520130;B
20240126;100341;0.024400000;10000;9468520183;B
20240126;100344;0.024400000;300000;9468520643;B
20240126;100344;0.024395000;20000;9468520698;S
20240126;100347;0.024395000;20000;9468521331;S
20240126;100347;0.024400000;10000;9468521350;B
20240126;100348;0.024395000;1510000;9468521477;S
20240126;100354;0.024400000;50000;9468522550;B
20240126;100354;0.024395000;20000;9468522657;S
20240126;100355;0.024395000;20000;9468522871;S
20240126;100355;0.024400000;100000;9468522896;B
20240126;100356;0.024395000;100000;9468523119;S
20240126;100358;0.024395000;440000;9468523272;S
20240126;100358;0.024395000;1000000;9468523343;S
20240126;100359;0.024395000;20000;9468523476;S
20240126;100359;0.024400000;300000;9468523500;B
20240126;100403;0.024400000;1230000;9468524128;B
20240126;100403;0.024395000;10000;9468524184;S
20240126;100406;0.024395000;6840000;9468524623;S
20240126;100406;0.024395000;50000;9468524624;S
20240126;100406;0.024385000;100000;9468524625;S
20240126;100406;0.024385000;70000;9468524626;S
20240126;100406;0.024385000;10000;9468524627;S
20240126;100406;0.024385000;10000;9468524628;S
20240126;100406;0.024385000;10000;9468524629;S
20240126;100406;0.024385000;1040000;9468524630;S
20240126;100406;0.024395000;3300000;9468524724;B
20240126;100407;0.024395000;20000;9468524804;B
20240126;100407;0.024385000;40000;9468524920;B
20240126;100407;0.024385000;1560000;9468524921;B
20240126;100407;0.024390000;2480000;9468524922;B
20240126;100409;0.024390000;370000;9468525303;S
20240126;100409;0.024400000;10000;9468525336;B
20240126;100412;0.024400000;10000;9468525765;B
20240126;100414;0.024400000;230000;9468525927;B
20240126;100414;0.024395000;40000;9468525989;B
20240126;100414;0.024400000;20000;9468525990;B
20240126;100414;0.024400000;1230000;9468526037;B
20240126;100415;0.024390000;80000;9468526110;S
20240126;100415;0.024390000;40000;9468526123;S
20240126;100417;0.024395000;10000;9468526568;B
20240126;100417;0.024390000;430000;9468526590;S
20240126;100417;0.024385000;40000;9468526591;S
20240126;100417;0.024380000;10000;9468526592;S
20240126;100417;0.024380000;10000;9468526593;S
20240126;100417;0.024380000;10000;9468526594;S
20240126;100417;0.024380000;10000;9468526595;S
20240126;100417;0.024380000;10000;9468526596;S
20240126;100417;0.024380000;480000;9468526597;S
20240126;100417;0.024380000;460000;9468526716;S
20240126;100418;0.024390000;40000;9468526776;B
20240126;100418;0.024390000;10000;9468526777;B
20240126;100419;0.024380000;10000;9468527304;S
20240126;100419;0.024375000;10000;9468527305;S
20240126;100419;0.024375000;10000;9468527306;S
20240126;100419;0.024375000;10000;9468527307;S
20240126;100419;0.024375000;1280000;9468527308;S
20240126;100419;0.024380000;40000;9468527358;S
20240126;100420;0.024380000;30000;9468527418;S
20240126;100420;0.024380000;200000;9468527474;S
20240126;100420;0.024380000;200000;9468527475;S
20240126;100421;0.024385000;30000;9468527541;B
20240126;100421;0.024385000;30000;9468527542;B
20240126;100421;0.024395000;10000;9468527690;B
20240126;100424;0.024390000;40000;9468528155;S
20240126;100424;0.024390000;500000;9468528156;S
20240126;100426;0.024390000;800000;9468528356;B
20240126;100428;0.024390000;10000;9468528727;B
20240126;100429;0.024380000;400000;9468528856;S
20240126;100429;0.024375000;17680000;9468528857;S
20240126;100429;0.024375000;10000;9468528858;S
20240126;100429;0.024375000;10000;9468528859;S
20240126;100429;0.024375000;10000;9468528860;S
20240126;100429;0.024375000;4000000;9468528861;S
20240126;100429;0.024375000;17090000;9468528862;S
20240126;100429;0.024375000;10000;9468528881;B
20240126;100430;0.024375000;3600000;9468529112;B
20240126;100430;0.024375000;5000000;9468529113;B
20240126;100430;0.024375000;5000000;9468529114;B
20240126;100430;0.024375000;5000000;9468529115;B
20240126;100430;0.024375000;2190000;9468529116;B
20240126;100431;0.024380000;30000;9468529206;S
20240126;100431;0.024380000;30000;9468529223;S
20240126;100432;0.024380000;20000;9468529398;S
20240126;100433;0.024390000;10000;9468529539;B
20240126;100436;0.024385000;30000;9468529941;B
20240126;100436;0.024385000;30000;9468529942;B
20240126;100436;0.024385000;10000;9468529943;B
20240126;100438;0.024390000;40000;9468530178;B
20240126;100438;0.024390000;1000000;9468530273;B
20240126;100438;0.024385000;30000;9468530304;S
20240126;100438;0.024385000;30000;9468530311;S
20240126;100439;0.024390000;10000;9468530587;B
20240126;100441;0.024385000;290000;9468530959;S
20240126;100441;0.024385000;100000;9468530960;S
20240126;100441;0.024380000;2730000;9468530961;S
20240126;100442;0.024370000;40000;9468531149;S
20240126;100442;0.024370000;10000;9468531150;S
20240126;100442;0.024370000;10000;9468531151;S
20240126;100442;0.024370000;10000;9468531152;S
20240126;100442;0.024370000;430000;9468531153;S
20240126;100443;0.024375000;30000;9468531405;B
20240126;100443;0.024375000;10000;9468531517;B
20240126;100445;0.024375000;20000;9468531851;B
20240126;100445;0.024375000;20000;9468531852;B
20240126;100445;0.024375000;290000;9468531853;B
20240126;100445;0.024380000;4670000;9468531854;B
20240126;100447;0.024370000;19570000;9468532180;S
20240126;100447;0.024370000;7500000;9468532181;S
20240126;100447;0.024370000;10000000;9468532182;S
20240126;100447;0.024365000;10000;9468532183;S
20240126;100447;0.024365000;2000000;9468532184;S
20240126;100447;0.024365000;10000;9468532185;S
20240126;100447;0.024365000;10000;9468532186;S
20240126;100447;0.024365000;11650000;9468532187;S
20240126;100447;0.024365000;6000000;9468532188;S
20240126;100447;0.024365000;5250000;9468532189;S
20240126;100449;0.024370000;20000;9468532692;B
20240126;100449;0.024375000;20000;9468532693;B
20240126;100449;0.024375000;10000;9468532694;B
20240126;100450;0.024375000;20000;9468532738;B
20240126;100451;0.024365000;10000;9468532990;B
20240126;100452;0.024365000;40000;9468533110;B
20240126;100452;0.024370000;10000;9468533111;B
20240126;100452;0.024370000;30000;9468533270;S
20240126;100455;0.024370000;400000;9468533684;S
20240126;100455;0.024370000;9520000;9468533799;S
20240126;100455;0.024360000;10000;9468533800;S
20240126;100455;0.024360000;10000;9468533801;S
20240126;100455;0.024360000;10000;9468533802;S
20240126;100455;0.024360000;6000000;9468533803;S
20240126;100455;0.024360000;20000;9468533804;S
20240126;100455;0.024360000;9430000;9468533805;S
20240126;100456;0.024355000;10000;9468533882;S
20240126;100456;0.024355000;10000;9468533883;S
20240126;100456;0.024355000;10000;9468533884;S
20240126;100456;0.024355000;11650000;9468533885;S
20240126;100456;0.024355000;2320000;9468533886;S
20240126;100458;0.024360000;20000;9468534204;B
20240126;100458;0.024365000;20000;9468534205;B
20240126;100458;0.024365000;20000;9468534206;B
20240126;100458;0.024375000;80000;9468534207;B
20240126;100458;0.024375000;10000;9468534215;B
20240126;100458;0.024360000;20000;9468534259;S
20240126;100459;0.024360000;20000;9468534263;S
20240126;100501;0.024370000;20000;9468534536;B
20240126;100501;0.024370000;20000;9468534537;B
20240126;100501;0.024370000;5000000;9468534666;S
20240126;100501;0.024380000;10000;9468534708;B
20240126;100502;0.024370000;10000;9468534804;S
20240126;100504;0.024370000;4950000;9468535067;S
20240126;100504;0.024365000;4000000;9468535068;S
20240126;100504;0.024360000;50000;9468535069;S
20240126;100504;0.024360000;4010000;9468535070;S
20240126;100506;0.024355000;3680000;9468535581;S
20240126;100506;0.024355000;1320000;9468535582;S
20240126;100508;0.024365000;20000;9468536041;B
20240126;100508;0.024365000;20000;9468536042;B
20240126;100508;0.024365000;20000;9468536043;B
20240126;100511;0.024360000;1000000;9468536517;S
20240126;100511;0.024355000;1500000;9468536518;S
20240126;100512;0.024360000;11650000;9468536703;S
20240126;100512;0.024355000;13150000;9468536704;S
20240126;100513;0.024365000;20000;9468536924;B
20240126;100513;0.024375000;40000;9468536925;B
20240126;100514;0.024360000;1200000;9468537107;S
20240126;100515;0.024370000;20000;9468537391;B
20240126;100516;0.024370000;10000;9468537524;B
20240126;100516;0.024360000;2500000;9468537564;S
20240126;100520;0.024360000;7950000;9468538100;S
20240126;100520;0.024360000;6000000;9468538101;S
20240126;100520;0.024360000;1050000;9468538102;S
20240126;100523;0.024365000;20000;9468538546;B
20240126;100523;0.024365000;30000;9468538547;B
20240126;100524;0.024360000;110000;9468538717;S
20240126;100525;0.024360000;20000;9468538794;S
20240126;100525;0.024370000;10000;9468538802;B
20240126;100525;0.024360000;20000;9468538832;S
20240126;100525;0.024360000;2500000;9468538854;S
20240126;100525;0.024360000;40000;9468538890;S
20240126;100528;0.024365000;10000;9468539213;B
20240126;100528;0.024360000;20000;9468539290;S
20240126;100530;0.024360000;10000;9468539472;S
20240126;100530;0.024365000;10000;9468539495;B
20240126;100530;0.024365000;10000;9468539496;B
20240126;100530;0.024365000;330000;9468539552;S
20240126;100530;0.024365000;760000;9468539553;S
20240126;100530;0.024370000;100000;9468539573;B
20240126;100530;0.024365000;40000;9468539596;S
20240126;100531;0.024365000;10000;9468539618;S
20240126;100538;0.024365000;200000;9468540790;S
20240126;100540;0.024365000;40000;9468541047;S
20240126;100541;0.024365000;500000;9468541189;S
20240126;100542;0.024370000;50000;9468541322;B
20240126;100544;0.024365000;100000;9468541630;S
20240126;100545;0.024370000;50000;9468541680;B
20240126;100545;0.024365000;20000;9468541745;S
20240126;100548;0.024370000;10000;9468542184;B
20240126;100548;0.024365000;10000;9468542207;S
20240126;100548;0.024370000;60000;9468542286;B
20240126;100549;0.024370000;100000;9468542350;B
20240126;100550;0.024370000;90000;9468542452;B
20240126;100550;0.024370000;30000;9468542453;B
20240126;100550;0.024370000;50000;9468542484;B
20240126;100551;0.024365000;50000;9468542638;S
20240126;100552;0.024370000;420000;9468542711;B
20240126;100552;0.024370000;30000;9468542712;B
20240126;100552;0.024370000;10000;9468542713;B
20240126;100552;0.024370000;10000;9468542714;B
20240126;100552;0.024370000;1530000;9468542715;B
20240126;100553;0.024370000;100000;9468542918;B
20240126;100553;0.024370000;700000;9468542961;B
20240126;100556;0.024365000;110000;9468543268;S
20240126;100559;0.024365000;400000;9468543860;S
20240126;100559;0.024370000;50000;9468543906;B
20240126;100601;0.024365000;280000;9468544152;S
20240126;100603;0.024370000;10000;9468544477;B
20240126;100603;0.024370000;10000;9468544494;B
20240126;100603;0.024370000;10000;9468544518;B
20240126;100606;0.024365000;20000;9468545010;S
20240126;100609;0.024370000;10000;9468545379;B
20240126;100611;0.024365000;140000;9468545848;S
20240126;100612;0.024365000;50000;9468546039;S
20240126;100615;0.024370000;40000;9468546494;B
20240126;100617;0.024365000;80000;9468546881;S
20240126;100617;0.024365000;420000;9468546882;S
20240126;100618;0.024370000;10000;9468546938;B
20240126;100618;0.024365000;580000;9468546994;S
20240126;100618;0.024365000;50000;9468546995;S
20240126;100618;0.024365000;1000000;9468546996;S
20240126;100618;0.024365000;10000;9468546997;S
20240126;100618;0.024365000;10000;9468546998;S
20240126;100618;0.024360000;3200000;9468546999;S
20240126;100621;0.024360000;130000;9468547517;S
20240126;100622;0.024365000;10000;9468547601;B
20240126;100622;0.024365000;90000;9468547621;B
20240126;100622;0.024360000;10000;9468547691;S
20240126;100623;0.024360000;10000;9468547699;S
20240126;100623;0.024360000;30000;9468547709;S
20240126;100625;0.024365000;500000;9468547953;B
20240126;100625;0.024360000;10000;9468548007;S
20240126;100625;0.024360000;10000;9468548042;S
20240126;100625;0.024360000;20000;9468548071;S
20240126;100625;0.024360000;30000;9468548086;S
20240126;100625;0.024360000;10000;9468548133;S
20240126;100627;0.024360000;5000000;9468548340;S
20240126;100630;0.024365000;50000;9468548762;B
20240126;100631;0.024360000;40000;9468548905;S
20240126;100634;0.024360000;1500000;9468549315;S
20240126;100634;0.024360000;10000;9468549316;S
20240126;100634;0.024360000;1000000;9468549317;S
20240126;100634;0.024360000;200000;9468549318;S
20240126;100634;0.024355000;6290000;9468549319;S
20240126;100634;0.024360000;30000;9468549341;B
20240126;100634;0.024360000;10000;9468549342;B
20240126;100634;0.024360000;10000;9468549343;B
20240126;100634;0.024365000;400000;9468549344;B
20240126;100634;0.024365000;4550000;9468549345;B
20240126;100637;0.024360000;120000;9468549730;S
20240126;100637;0.024360000;2880000;9468549736;S
20240126;100637;0.024360000;450000;9468549737;S
20240126;100637;0.024360000;10000;9468549793;S
20240126;100637;0.024360000;10000;9468549809;S
20240126;100637;0.024360000;20000;9468549813;S
20240126;100641;0.024365000;10000;9468550277;B
20240126;100641;0.024365000;490000;9468550278;B
20240126;100641;0.024360000;10000;9468550300;S
20240126;100641;0.024360000;10000;9468550361;S
20240126;100641;0.024360000;20000;9468550382;S
20240126;100643;0.024360000;400000;9468550569;S
20240126;100643;0.024360000;20000;9468550587;S
20240126;100643;0.024360000;10000;9468550595;S
20240126;100643;0.024360000;10000;9468550609;S
20240126;100645;0.024360000;990000;9468550894;S
20240126;100649;0.024365000;800000;9468551418;B
20240126;100649;0.024360000;20000;9468551430;S
20240126;100649;0.024360000;10000;9468551437;S
20240126;100649;0.024360000;10000;9468551451;S
20240126;100651;0.024365000;10000;9468551783;B
20240126;100653;0.024365000;20000;9468552007;B
20240126;100654;0.024360000;10000;9468552038;S
20240126;100654;0.024360000;10000;9468552041;S
20240126;100654;0.024360000;20000;9468552043;S
20240126;100654;0.024365000;1000000;9468552047;B
20240126;100657;0.024365000;540000;9468552455;B
20240126;100657;0.024365000;790000;9468552549;B
20240126;100657;0.024370000;20000;9468552550;B
20240126;100658;0.024360000;10000;9468552767;S
20240126;100658;0.024360000;20000;9468552801;S
20240126;100659;0.024360000;10000;9468552916;S
20240126;100700;0.024370000;30000;9468552981;B
20240126;100702;0.024365000;20000;9468553539;B
20240126;100702;0.024365000;10000;9468553540;B
20240126;100702;0.024370000;350000;9468553541;B
20240126;100702;0.024375000;250000;9468553542;B
20240126;100702;0.024375000;30000;9468553543;B
20240126;100702;0.024375000;10000;9468553597;S
20240126;100703;0.024375000;2770000;9468553721;S
20240126;100703;0.024380000;10000;9468553783;B
20240126;100708;0.024375000;10000;9468554514;S
20240126;100709;0.024375000;80000;9468554634;S
20240126;100711;0.024375000;20000;9468554974;S
20240126;100712;0.024375000;100000;9468555066;S
20240126;100712;0.024375000;10000;9468555130;S
20240126;100714;0.024375000;1000000;9468555330;S
20240126;100715;0.024375000;10000;9468555558;S
20240126;100716;0.024380000;50000;9468555583;B
20240126;100718;0.024380000;10000;9468556005;B
20240126;100719;0.024380000;30000;9468556045;B
20240126;100722;0.024375000;70000;9468556539;S
20240126;100722;0.024375000;30000;9468556661;S
20240126;100723;0.024375000;10000;9468556717;S
20240126;100726;0.024380000;10000;9468557071;B
20240126;100729;0.024380000;10000;9468557667;B
20240126;100730;0.024375000;250000;9468557682;S
20240126;100730;0.024375000;3000000;9468557683;S
20240126;100730;0.024375000;5000000;9468557684;S
20240126;100730;0.024375000;5000000;9468557685;S
20240126;100730;0.024375000;5000000;9468557686;S
20240126;100730;0.024375000;12300000;9468557687;S
20240126;100730;0.024375000;50000;9468557688;S
20240126;100730;0.024375000;50000;9468557689;S
20240126;100730;0.024375000;50000;9468557690;S
20240126;100730;0.024375000;50000;9468557691;S
20240126;100730;0.024375000;9250000;9468557692;S
20240126;100730;0.024380000;2020000;9468557697;B
20240126;100731;0.024375000;100000;9468557844;S
20240126;100733;0.024375000;650000;9468558196;S
20240126;100733;0.024375000;990000;9468558197;S
20240126;100734;0.024375000;350000;9468558299;S
20240126;100738;0.024375000;100000;9468558877;S
20240126;100741;0.024380000;1000000;9468559296;B
20240126;100741;0.024380000;10000;9468559299;B
20240126;100741;0.024380000;1070000;9468559448;B
20240126;100741;0.024380000;1000000;9468559449;B
20240126;100741;0.024380000;20000;9468559450;B
20240126;100741;0.024380000;10000;9468559451;B
20240126;100741;0.024380000;10000;9468559452;B
20240126;100741;0.024380000;20000;9468559453;B
20240126;100741;0.024385000;6000000;9468559454;B
20240126;100741;0.024385000;20000;9468559455;B
20240126;100741;0.024385000;1300000;9468559456;B
20240126;100741;0.024385000;660000;9468559457;B
20240126;100741;0.024385000;3460000;9468559458;B
20240126;100741;0.024390000;6000000;9468559459;B
20240126;100741;0.024390000;10000;9468559460;B
20240126;100741;0.024390000;30720000;9468559461;B
20240126;100741;0.024390000;12300000;9468559462;B
20240126;100741;0.024395000;5990000;9468559463;B
20240126;100741;0.024395000;450000;9468559464;B
20240126;100741;0.024395000;11650000;9468559465;B
20240126;100741;0.024395000;22000000;9468559466;B
20240126;100741;0.024395000;12300000;9468559467;B
20240126;100741;0.024400000;80000;9468559487;B
20240126;100743;0.024395000;10000;9468559793;S
20240126;100745;0.024395000;70000;9468560157;S
20240126;100748;0.024395000;4090000;9468560575;S
20240126;100749;0.024400000;3850000;9468560630;B
20240126;100750;0.024395000;20000;9468560790;S
20240126;100751;0.024395000;20000;9468560857;S
20240126;100751;0.024395000;7000000;9468560903;S
20240126;100751;0.024400000;20000;9468560926;B
20240126;100754;0.024400000;10000;9468561255;B
20240126;100755;0.024400000;10000;9468561430;B
20240126;100755;0.024395000;100000;9468561460;S
20240126;100756;0.024400000;500000;9468561587;B
20240126;100803;0.024395000;700000;9468562784;S
20240126;100806;0.024400000;10000;9468563170;B
20240126;100808;0.024400000;40000;9468563645;B
20240126;100809;0.024400000;2050000;9468563734;B
20240126;100810;0.024395000;10000;9468563890;S
20240126;100811;0.024400000;300000;9468563908;B
20240126;100819;0.024400000;20000;9468564958;B
20240126;100820;0.024395000;10000000;9468565195;S
20240126;100823;0.024400000;10000;9468565435;B
20240126;100824;0.024395000;10000;9468565567;S
20240126;100827;0.024395000;50000;9468565991;S
20240126;100829;0.024400000;20000;9468566200;B
20240126;100830;0.024400000;30000;9468566472;B
20240126;100830;0.024400000;60000;9468566483;B
20240126;100831;0.024395000;50000;9468566577;S
20240126;100832;0.024395000;10000;9468566624;S
20240126;100838;0.024400000;16370000;9468567494;B
20240126;100839;0.024400000;10000;9468567771;B
20240126;100840;0.024395000;10000;9468567812;S
20240126;100841;0.024400000;3920000;9468567963;B
20240126;100841;0.024400000;4680000;9468567964;B
20240126;100842;0.024400000;10000;9468568082;B
20240126;100842;0.024395000;70000;9468568155;S
20240126;100846;0.024400000;90000;9468568814;B
20240126;100849;0.024400000;10000;9468569204;B
20240126;100849;0.024400000;100000;9468569241;B
20240126;100849;0.024400000;900000;9468569251;B
20240126;100851;0.024400000;10000;9468569504;B
20240126;100851;0.024400000;20000;9468569572;B
20240126;100852;0.024395000;60000;9468569628;S
20240126;100855;0.024400000;30000;9468569970;B
20240126;100857;0.024400000;10000;9468570254;B
20240126;100859;0.024400000;20000;9468570534;B
20240126;100901;0.024400000;10000000;9468570713;B
20240126;100902;0.024400000;300000;9468570895;B
20240126;100902;0.024400000;300000;9468570896;B
20240126;100902;0.024400000;300000;9468570897;B
20240126;100903;0.024400000;5000000;9468571202;B
20240126;100906;0.024395000;10000;9468571465;S
20240126;100907;0.024400000;100000;9468571600;B
20240126;100908;0.024400000;10000;9468571768;B
20240126;100909;0.024400000;10000;9468571956;B
20240126;100914;0.024400000;1050000;9468572606;B
20240126;100915;0.024400000;80000;9468572714;B
20240126;100916;0.024400000;50000;9468572905;B
20240126;100917;0.024400000;10000;9468573058;B
20240126;100918;0.024400000;6910000;9468573131;B
20240126;100918;0.024400000;300000;9468573132;B
20240126;100918;0.024400000;10000;9468573133;B
20240126;100918;0.024400000;10000000;9468573134;B
20240126;100918;0.024400000;1000000;9468573135;B
20240126;100918;0.024400000;10000;9468573136;B
20240126;100918;0.024400000;20000000;9468573137;B
20240126;100918;0.024400000;10000;9468573138;B
20240126;100918;0.024400000;12300000;9468573139;B
20240126;100918;0.024400000;10000;9468573140;B
20240126;100918;0.024400000;10000;9468573141;B
20240126;100918;0.024400000;10000;9468573142;B
20240126;100918;0.024400000;440000;9468573143;B
20240126;100920;0.024400000;10000;9468573373;B
20240126;100921;0.024400000;10000;9468573533;B
20240126;100925;0.024400000;10000;9468574074;B
20240126;100925;0.024395000;20000000;9468574103;S
20240126;100927;0.024400000;40000;9468574430;B
20240126;100928;0.024400000;120000;9468574560;B
20240126;100930;0.024395000;800000;9468574912;S
20240126;100930;0.024400000;370000;9468574975;B
20240126;100930;0.024400000;10000;9468574976;B
20240126;100930;0.024400000;620000;9468574977;B
20240126;100935;0.024395000;180000;9468575637;S
20240126;100938;0.024395000;1000000;9468576015;S
20240126;100938;0.024400000;50000;9468576132;B
20240126;100938;0.024400000;10000;9468576148;B
20240126;100940;0.024395000;9000000;9468576362;S
20240126;100948;0.024400000;10000;9468577375;B
20240126;100948;0.024400000;10000;9468577425;B
20240126;100953;0.024395000;20000;9468578034;S
20240126;100957;0.024400000;10000;9468578676;B
20240126;100957;0.024400000;10000;9468578694;B
20240126;101002;0.024400000;10000;9468579425;B
20240126;101004;0.024400000;40000;9468579897;B
20240126;101004;0.024400000;140000;9468579967;B
20240126;101004;0.024400000;10000;9468580050;B
20240126;101006;0.024400000;10000;9468580318;B
20240126;101013;0.024400000;50000;9468581244;B
20240126;101013;0.024400000;10000;9468581288;B
20240126;101015;0.024395000;30000;9468581527;S
20240126;101016;0.024400000;10000;9468581674;B
20240126;101017;0.024400000;200000;9468581829;B
20240126;101022;0.024395000;340000;9468582542;S
20240126;101022;0.024395000;300000;9468582572;S
20240126;101022;0.024400000;10000;9468582574;B
20240126;101024;0.024395000;500000;9468582804;S
20240126;101026;0.024400000;290000;9468583166;B
20240126;101026;0.024400000;10000;9468583167;B
20240126;101026;0.024400000;80000;9468583168;B
20240126;101026;0.024400000;13170000;9468583169;B
20240126;101026;0.024400000;1500000;9468583170;B
20240126;101026;0.024400000;10000;9468583171;B
20240126;101026;0.024400000;500000;9468583172;B
20240126;101026;0.024400000;10000;9468583173;B
20240126;101026;0.024400000;10000;9468583174;B
20240126;101026;0.024400000;930000;9468583175;B
20240126;101026;0.024400000;500000;9468583176;B
20240126;101026;0.024400000;600000;9468583177;B
20240126;101026;0.024400000;2000000;9468583178;B
20240126;101026;0.024400000;390000;9468583179;B
20240126;101035;0.024395000;11760000;9468584606;S
20240126;101035;0.024400000;40000;9468584654;B
20240126;101036;0.024400000;20000;9468584774;B
20240126;101036;0.024395000;10000;9468584790;S
20240126;101037;0.024395000;30000;9468584809;S
20240126;101037;0.024400000;10000;9468584889;B
20240126;101039;0.024395000;50000;9468585193;S
20240126;101040;0.024400000;10000;9468585274;B
20240126;101040;0.024400000;90000;9468585275;B
20240126;101041;0.024400000;20000;9468585578;B
20240126;101043;0.024395000;30000;9468585788;S
20240126;101044;0.024400000;150000;9468585933;B
20240126;101044;0.024400000;90000;9468585935;B
20240126;101047;0.024395000;10000;9468586273;S
20240126;101047;0.024400000;150000;9468586414;B
20240126;101049;0.024400000;200000;9468586589;B
20240126;101051;0.024400000;70000;9468586868;B
20240126;101052;0.024395000;4000000;9468587087;S
20240126;101052;0.024400000;80000;9468587133;B
20240126;101054;0.024400000;10000;9468587419;B
20240126;101058;0.024395000;210000;9468587931;S
20240126;101100;0.024395000;1240000;9468588349;S
20240126;101101;0.024395000;10000;9468588399;S
20240126;101101;0.024400000;300000;9468588486;B
20240126;101102;0.024400000;200000;9468588780;B
20240126;101104;0.024395000;100000;9468588969;S
20240126;101110;0.024400000;20000;9468589687;B
20240126;101110;0.024400000;3270000;9468589828;B
20240126;101110;0.024400000;10000;9468589829;B
20240126;101110;0.024400000;500000;9468589830;B
20240126;101110;0.024400000;100000;9468589831;B
20240126;101110;0.024400000;1110000;9468589832;B
20240126;101113;0.024400000;20000;9468590477;B
20240126;101113;0.024395000;50000;9468590478;S
20240126;101117;0.024400000;190000;9468591035;B
20240126;101118;0.024400000;200000;9468591419;B
20240126;101120;0.024400000;50000;9468591603;B
20240126;101120;0.024395000;30000;9468591664;S
20240126;101122;0.024400000;100000;9468591883;B
20240126;101123;0.024395000;250000;9468592063;S
20240126;101125;0.024400000;10000;9468592294;B
20240126;101125;0.024395000;20000;9468592302;S
20240126;101126;0.024395000;10000;9468592319;S
20240126;101126;0.024395000;40000;9468592388;S
20240126;101132;0.024400000;50000;9468593214;B
20240126;101133;0.024400000;8270000;9468593370;B
20240126;101133;0.024400000;3000000;9468593371;B
20240126;101133;0.024400000;10000;9468593372;B
20240126;101133;0.024400000;50000;9468593373;B
20240126;101134;0.024400000;10000;9468593455;B
20240126;101141;0.024395000;200000;9468594866;S
20240126;101144;0.024400000;2000000;9468595205;B
20240126;101145;0.024400000;50000;9468595439;B
20240126;101146;0.024400000;30000;9468595448;B
20240126;101147;0.024400000;1280000;9468595892;B
20240126;101149;0.024400000;20000;9468596156;B
20240126;101151;0.024400000;20000;9468596343;B
20240126;101153;0.024395000;110000;9468596614;S
20240126;101153;0.024400000;40000;9468596713;B
20240126;101153;0.024400000;360000;9468596714;B
20240126;101153;0.024395000;200000;9468596720;S
20240126;101154;0.024400000;1000000;9468597015;B
20240126;101159;0.024400000;150000;9468597848;B
20240126;101159;0.024400000;10000;9468597849;B
20240126;101159;0.024400000;200000;9468597850;B
20240126;101201;0.024400000;500000;9468598296;S
20240126;101202;0.024405000;7860000;9468598383;B
20240126;101202;0.024405000;6000000;9468598384;B
20240126;101202;0.024405000;10000;9468598385;B
20240126;101202;0.024410000;20000;9468598402;B
20240126;101202;0.024405000;10000;9468598436;S
20240126;101202;0.024410000;200000;9468598449;B
20240126;101202;0.024405000;300000;9468598461;S
20240126;101202;0.024405000;1840000;9468598473;S
20240126;101203;0.024410000;2280000;9468598549;B
20240126;101203;0.024410000;500000;9468598550;B
20240126;101203;0.024410000;1200000;9468598551;B
20240126;101203;0.024410000;4800000;9468598552;B
20240126;101203;0.024410000;3000000;9468598553;B
20240126;101203;0.024410000;6000000;9468598554;S
20240126;101203;0.024410000;10000;9468598574;S
20240126;101204;0.024415000;8400000;9468598698;B
20240126;101204;0.024415000;11600000;9468598699;B
20240126;101204;0.024415000;50000;9468598700;B
20240126;101204;0.024415000;10000;9468598701;B
20240126;101204;0.024415000;1000000;9468598702;B
20240126;101204;0.024415000;1000000;9468598703;B
20240126;101204;0.024415000;3000000;9468598704;B
20240126;101204;0.024415000;1130000;9468598705;B
20240126;101204;0.024410000;10000;9468598743;S
20240126;101204;0.024420000;3990000;9468598771;B
20240126;101204;0.024420000;3000000;9468598772;B
20240126;101204;0.024420000;50000;9468598773;B
20240126;101204;0.024420000;1000000;9468598774;B
20240126;101204;0.024420000;20000000;9468598775;B
20240126;101204;0.024420000;11960000;9468598776;B
20240126;101205;0.024410000;10000;9468598954;S
20240126;101206;0.024415000;10000;9468599209;B
20240126;101206;0.024415000;3000000;9468599210;B
20240126;101206;0.024420000;13040000;9468599211;B
20240126;101206;0.024420000;20000000;9468599212;B
20240126;101206;0.024420000;30000;9468599213;B
20240126;101206;0.024420000;11650000;9468599214;B
20240126;101206;0.024420000;11580000;9468599215;B
20240126;101206;0.024420000;100000;9468599216;B
20240126;101206;0.024420000;10000;9468599217;B
20240126;101206;0.024420000;10000;9468599218;B
20240126;101206;0.024420000;1850000;9468599219;B
20240126;101206;0.024420000;810000;9468599220;B
20240126;101207;0.024410000;10000;9468599263;S
20240126;101209;0.024410000;90000;9468599678;S
20240126;101209;0.024410000;10000;9468599679;S
20240126;101209;0.024410000;110000;9468599680;S
20240126;101209;0.024410000;40000;9468599681;S
20240126;101209;0.024410000;60000;9468599682;S
20240126;101209;0.024410000;90000;9468599683;S
20240126;101209;0.024410000;20000;9468599684;S
20240126;101209;0.024410000;90000;9468599685;S
20240126;101209;0.024410000;40000;9468599686;S
20240126;101209;0.024410000;450000;9468599687;S
20240126;101210;0.024410000;10000;9468599720;S
20240126;101210;0.024415000;10000;9468599773;B
20240126;101210;0.024415000;3000000;9468599789;B
20240126;101210;0.024420000;2040000;9468599790;B
20240126;101210;0.024420000;10960000;9468599791;B
20240126;101210;0.024410000;10000;9468599808;S
20240126;101210;0.024410000;20000;9468599819;S
20240126;101210;0.024410000;50000;9468599820;S
20240126;101211;0.024410000;10000;9468599955;S
20240126;101211;0.024405000;10000;9468599956;S
20240126;101211;0.024405000;480000;9468599957;S
20240126;101212;0.024420000;50000;9468600069;B
20240126;101213;0.024410000;10000;9468600206;B
20240126;101218;0.024410000;2000000;9468601002;B
20240126;101218;0.024420000;10000;9468601024;B
20240126;101219;0.024415000;10000;9468601245;B
20240126;101219;0.024420000;90000;9468601246;B
20240126;101219;0.024420000;10000;9468601247;B
20240126;101219;0.024420000;80000;9468601248;B
20240126;101220;0.024415000;10000;9468601412;B
20240126;101220;0.024420000;920000;9468601413;B
20240126;101220;0.024420000;770000;9468601414;B
20240126;101220;0.024420000;470000;9468601415;B
20240126;101222;0.024425000;310000;9468601822;B
20240126;101222;0.024425000;6000000;9468601823;B
20240126;101222;0.024425000;10000;9468601824;B
20240126;101222;0.024425000;1850000;9468601825;B
20240126;101223;0.024415000;10000;9468601928;S
20240126;101223;0.024415000;3000000;9468601929;S
20240126;101224;0.024420000;10000;9468602080;B
20240126;101227;0.024410000;20000;9468602429;S
20240126;101227;0.024425000;200000;9468602540;B
20240126;101227;0.024425000;3800000;9468602541;B
20240126;101228;0.024425000;10000;9468602589;B
20240126;101228;0.024425000;310000;9468602590;B
20240126;101232;0.024415000;400000;9468602967;S
20240126;101232;0.024425000;100000;9468603159;B
20240126;101235;0.024430000;250000;9468603497;B
20240126;101236;0.024415000;2600000;9468603661;S
20240126;101236;0.024415000;10000;9468603662;S
20240126;101236;0.024415000;2720000;9468603663;S
20240126;101236;0.024415000;730000;9468603664;S
20240126;101236;0.024425000;3000000;9468603722;B
20240126;101236;0.024430000;1000000;9468603723;B
20240126;101238;0.024425000;3000000;9468603866;B
20240126;101238;0.024430000;2000000;9468603867;B
20240126;101238;0.024425000;400000;9468603935;B
20240126;101239;0.024425000;250000;9468604011;B
20240126;101239;0.024425000;350000;9468604012;B
20240126;101239;0.024430000;2710000;9468604013;B
20240126;101239;0.024430000;6940000;9468604014;B
20240126;101241;0.024430000;20000;9468604203;B
20240126;101241;0.024430000;10000;9468604246;B
20240126;101246;0.024430000;40000;9468604967;B
20240126;101246;0.024430000;10000;9468604968;B
20240126;101249;0.024430000;4630000;9468605514;B
20240126;101249;0.024430000;90000;9468605515;B
20240126;101249;0.024430000;30000;9468605516;B
20240126;101249;0.024430000;5250000;9468605517;B
20240126;101251;0.024420000;30000;9468605789;S
20240126;101251;0.024420000;20000;9468605790;S
20240126;101251;0.024420000;40000;9468605791;S
20240126;101251;0.024420000;20000;9468605792;S
20240126;101251;0.024420000;80000;9468605793;S
20240126;101252;0.024420000;10000;9468605975;S
20240126;101254;0.024430000;400000;9468606371;B
20240126;101255;0.024430000;30000;9468606423;B
20240126;101255;0.024420000;10000;9468606433;S
20240126;101258;0.024425000;3000000;9468606822;B
20240126;101258;0.024425000;1820000;9468606823;B
20240126;101258;0.024430000;5180000;9468606824;B
20240126;101301;0.024425000;250000;9468607207;B
20240126;101301;0.024425000;350000;9468607219;B
20240126;101302;0.024420000;50000;9468607250;S
20240126;101302;0.024420000;110000;9468607251;S
20240126;101302;0.024420000;3080000;9468607252;S
20240126;101302;0.024420000;130000;9468607253;S
20240126;101302;0.024420000;30000;9468607254;S
20240126;101302;0.024420000;30000;9468607255;S
20240126;101302;0.024420000;10000;9468607256;S
20240126;101302;0.024420000;120000;9468607257;S
20240126;101302;0.024420000;10000;9468607258;S
20240126;101303;0.024420000;30000;9468607461;B
20240126;101305;0.024420000;10000;9468607778;B
20240126;101305;0.024420000;10000;9468607929;B
20240126;101306;0.024420000;180000;9468608142;B
20240126;101306;0.024420000;30000;9468608143;B
20240126;101306;0.024420000;500000;9468608144;B
20240126;101306;0.024425000;840000;9468608145;B
20240126;101306;0.024415000;30000;9468608257;S
20240126;101311;0.024420000;30000;9468609295;S
20240126;101312;0.024425000;10000;9468609422;B
20240126;101313;0.024425000;260000;9468609514;B
20240126;101315;0.024420000;30000;9468609730;S
20240126;101315;0.024425000;250000;9468609852;B
20240126;101316;0.024425000;120000;9468609890;B
20240126;101318;0.024420000;270000;9468610131;S
20240126;101319;0.024425000;390000;9468610364;B
20240126;101319;0.024425000;10000;9468610439;B
20240126;101320;0.024425000;30000;9468610668;B
20240126;101321;0.024425000;350000;9468610806;B
20240126;101321;0.024430000;20000;9468610856;B
20240126;101321;0.024420000;220000;9468610949;S
20240126;101322;0.024430000;40000;9468611001;B
20240126;101323;0.024425000;10000;9468611144;S
20240126;101325;0.024430000;10000000;9468611445;B
20240126;101325;0.024430000;10000;9468611471;B
20240126;101326;0.024430000;200000;9468611631;B
20240126;101332;0.024425000;660000;9468612377;S
20240126;101332;0.024430000;10000;9468612410;B
20240126;101333;0.024430000;50000;9468612500;B
20240126;101333;0.024425000;10000;9468612589;S
20240126;101334;0.024425000;6680000;9468612705;S
20240126;101336;0.024425000;30000;9468612930;S
20240126;101336;0.024425000;80000;9468612966;B
20240126;101337;0.024425000;20000;9468613197;B
20240126;101339;0.024425000;500000;9468613431;B
20240126;101341;0.024425000;100000;9468613605;B
20240126;101341;0.024420000;240000;9468613618;S
20240126;101341;0.024425000;4270000;9468613631;B
20240126;101341;0.024425000;3000000;9468613632;B
20240126;101341;0.024430000;2730000;9468613633;B
20240126;101342;0.024425000;10000;9468613780;B
20240126;101343;0.024425000;50000;9468613988;B
20240126;101343;0.024425000;320000;9468613992;B
20240126;101344;0.024420000;10000;9468614099;S
20240126;101346;0.024420000;500000;9468614428;S
20240126;101346;0.024425000;2620000;9468614432;B
20240126;101346;0.024430000;1080000;9468614433;B
20240126;101346;0.024430000;10000;9468614434;B
20240126;101346;0.024430000;1000000;9468614435;B
20240126;101346;0.024430000;500000;9468614436;B
20240126;101346;0.024430000;200000;9468614437;B
20240126;101346;0.024430000;30000;9468614438;B
20240126;101346;0.024430000;16810000;9468614439;B
20240126;101346;0.024430000;2010000;9468614440;B
20240126;101346;0.024430000;4000000;9468614441;B
20240126;101346;0.024430000;310000;9468614442;B
20240126;101346;0.024435000;6000000;9468614443;B
20240126;101346;0.024435000;130000;9468614444;B
20240126;101355;0.024430000;3000000;9468615779;B
20240126;101355;0.024430000;12280000;9468615780;B
20240126;101355;0.024430000;8080000;9468615781;B
20240126;101356;0.024435000;80000;9468615866;B
20240126;101358;0.024430000;160000;9468616181;S
20240126;101358;0.024430000;50000;9468616207;S
20240126;101400;0.024430000;1200000;9468616343;S
20240126;101400;0.024430000;30000;9468616364;S
20240126;101402;0.024430000;250000;9468616624;S
20240126;101404;0.024430000;700000;9468616839;S
20240126;101405;0.024435000;420000;9468617005;B
20240126;101405;0.024435000;400000;9468617006;B
20240126;101405;0.024435000;340000;9468617007;B
20240126;101406;0.024435000;20000;9468617059;B
20240126;101406;0.024430000;10000;9468617119;S
20240126;101406;0.024430000;500000;9468617120;S
20240126;101406;0.024435000;580000;9468617155;B
20240126;101408;0.024435000;5060000;9468617559;B
20240126;101408;0.024435000;1940000;9468617560;B
20240126;101408;0.024435000;300000;9468617563;B
20240126;101409;0.024435000;330000;9468617659;B
20240126;101412;0.024435000;50000;9468617977;B
20240126;101415;0.024435000;500000;9468618256;B
20240126;101415;0.024435000;20000;9468618269;B
20240126;101416;0.024435000;8820000;9468618361;B
20240126;101416;0.024430000;10000;9468618445;S
20240126;101422;0.024435000;1510000;9468619110;B
20240126;101424;0.024435000;5190000;9468619308;B
20240126;101424;0.024435000;2610000;9468619309;B
20240126;101424;0.024435000;390000;9468619407;B
20240126;101425;0.024435000;40000;9468619443;B
20240126;101425;0.024435000;20000;9468619452;B
20240126;101426;0.024435000;10000;9468619666;B
20240126;101426;0.024430000;1000000;9468619686;S
20240126;101427;0.024435000;10000;9468619785;B
20240126;101428;0.024435000;500000;9468619948;B
20240126;101435;0.024430000;2000000;9468620760;S
20240126;101437;0.024435000;10000;9468621049;B
20240126;101438;0.024435000;20000;9468621135;B
20240126;101439;0.024435000;10000;9468621243;B
20240126;101439;0.024430000;20000;9468621274;S
20240126;101440;0.024435000;650000;9468621345;B
20240126;101440;0.024435000;30000;9468621366;B
20240126;101441;0.024435000;80000;9468621400;B
20240126;101441;0.024430000;20000;9468621418;S
20240126;101442;0.024435000;10000;9468621602;B
20240126;101445;0.024430000;200000;9468621836;S
20240126;101449;0.024435000;10000;9468622583;B
20240126;101450;0.024430000;260000;9468622738;S
20240126;101450;0.024430000;830000;9468622796;S
20240126;101453;0.024430000;15000000;9468623138;S
20240126;101453;0.024435000;15700000;9468623152;B
20240126;101453;0.024435000;10000;9468623153;B
20240126;101453;0.024435000;30000;9468623154;B
20240126;101453;0.024435000;400000;9468623155;B
20240126;101453;0.024435000;1000000;9468623156;B
20240126;101453;0.024435000;3000000;9468623157;B
20240126;101453;0.024435000;400000;9468623158;B
20240126;101453;0.024435000;150000;9468623159;B
20240126;101453;0.024440000;8100000;9468623160;B
20240126;101454;0.024435000;1000000;9468623325;B
20240126;101455;0.024430000;500000;9468623455;S
20240126;101500;0.024435000;10000;9468624093;B
20240126;101500;0.024430000;10000;9468624115;S
20240126;101500;0.024430000;10000;9468624119;S
20240126;101500;0.024430000;10000;9468624124;S
20240126;101501;0.024430000;10000;9468624164;S
20240126;101501;0.024430000;10000;9468624168;S
20240126;101501;0.024430000;10000;9468624244;S
20240126;101501;0.024430000;10000;9468624248;S
20240126;101501;0.024430000;10000;9468624256;S
20240126;101502;0.024435000;10000;9468624376;B
20240126;101502;0.024430000;10000;9468624402;S
20240126;101503;0.024430000;10000;9468624472;S
20240126;101503;0.024435000;1000000;9468624474;B
20240126;101503;0.024430000;10000;9468624540;S
20240126;101503;0.024430000;20000;9468624556;S
20240126;101504;0.024430000;10000;9468624688;S
20240126;101504;0.024430000;10000;9468624774;S
20240126;101505;0.024430000;10000;9468624908;S
20240126;101505;0.024435000;300000;9468624976;B
20240126;101506;0.024435000;10000;9468625023;B
20240126;101506;0.024435000;100000;9468625118;B
20240126;101506;0.024430000;10000;9468625147;S
20240126;101507;0.024435000;2000000;9468625278;B
20240126;101508;0.024430000;10000;9468625408;S
20240126;101508;0.024435000;20000;9468625487;B
20240126;101509;0.024435000;20000;9468625616;B
20240126;101509;0.024430000;10000;9468625703;S
20240126;101509;0.024430000;10000;9468625705;S
20240126;101509;0.024435000;10000;9468625733;B
20240126;101510;0.024435000;20000;9468625787;B
20240126;101510;0.024435000;10000;9468625876;B
20240126;101510;0.024435000;230000;9468625896;B
20240126;101511;0.024435000;40000;9468626008;B
20240126;101512;0.024430000;10000;9468626117;S
20240126;101512;0.024435000;20000;9468626120;B
20240126;101512;0.024430000;60000;9468626243;S
20240126;101512;0.024435000;110000;9468626255;B
20240126;101513;0.024430000;10000;9468626314;S
20240126;101513;0.024435000;20000;9468626451;B
20240126;101513;0.024435000;30000;9468626452;B
20240126;101516;0.024430000;10000;9468626838;S
20240126;101517;0.024435000;500000;9468627038;B
20240126;101519;0.024435000;900000;9468627437;B
20240126;101519;0.024430000;540000;9468627557;S
20240126;101520;0.024435000;60000;9468627641;B
20240126;101521;0.024430000;20000;9468627835;S
20240126;101525;0.024435000;1510000;9468628677;B
20240126;101525;0.024435000;5000000;9468628678;S
20240126;101526;0.024440000;390000;9468628885;B
20240126;101527;0.024440000;2110000;9468629019;B
20240126;101527;0.024440000;500000;9468629020;B
20240126;101527;0.024440000;1500000;9468629021;B
20240126;101533;0.024435000;10000;9468630556;S
20240126;101537;0.024435000;400000;9468631632;S
20240126;101540;0.024435000;10000;9468632444;S
20240126;101541;0.024435000;3390000;9468632642;S
20240126;101543;0.024440000;10000;9468633272;B
20240126;101544;0.024440000;150000;9468633299;B
20240126;101546;0.024440000;10000;9468633799;B
20240126;101548;0.024440000;20000;9468634121;B
20240126;101549;0.024435000;4500000;9468634411;S
20240126;101549;0.024435000;5000000;9468634412;S
20240126;101549;0.024435000;180000;9468634442;S
20240126;101549;0.024435000;100000;9468634521;B
20240126;101550;0.024435000;5720000;9468634612;B
20240126;101550;0.024435000;12300000;9468634613;B
20240126;101550;0.024435000;3580000;9468634614;B
20240126;101550;0.024435000;4100000;9468634615;B
20240126;101550;0.024440000;23310000;9468634616;B
20240126;101550;0.024440000;2000000;9468634617;B
20240126;101550;0.024440000;40000;9468634618;B
20240126;101550;0.024440000;1000000;9468634619;B
20240126;101550;0.024440000;500000;9468634620;B
20240126;101550;0.024440000;10000;9468634621;B
20240126;101550;0.024440000;30000;9468634622;B
20240126;101550;0.024440000;200000;9468634623;B
20240126;101550;0.024440000;8500000;9468634624;B
20240126;101550;0.024440000;12270000;9468634625;B
20240126;101550;0.024440000;10000;9468634626;B
20240126;101550;0.024440000;1200000;9468634627;B
20240126;101550;0.024440000;6000000;9468634628;B
20240126;101550;0.024440000;11650000;9468634629;B
20240126;101550;0.024440000;4000000;9468634630;B
20240126;101550;0.024445000;5500000;9468634631;B
20240126;101550;0.024445000;10000;9468634632;B
20240126;101550;0.024445000;6000000;9468634633;B
20240126;101550;0.024445000;11650000;9468634634;B
20240126;101550;0.024445000;11720000;9468634635;B
20240126;101550;0.024445000;1700000;9468634636;B
20240126;101550;0.024445000;500000;9468634637;B
20240126;101550;0.024445000;500000;9468634638;B
20240126;101550;0.024445000;300000;9468634639;B
20240126;101550;0.024445000;10000000;9468634640;B
20240126;101550;0.024445000;10000;9468634641;B
20240126;101550;0.024445000;4000000;9468634642;B
20240126;101550;0.024450000;20000;9468634643;B
20240126;101550;0.024450000;10000;9468634644;B
20240126;101550;0.024450000;6000000;9468634645;B
20240126;101550;0.024450000;45660000;9468634646;B
20240126;101550;0.024440000;870000;9468634700;B
20240126;101551;0.024440000;1060000;9468634863;B
20240126;101551;0.024440000;2170000;9468634865;B
20240126;101551;0.024440000;2830000;9468634866;B
20240126;101551;0.024430000;400000;9468634906;S
20240126;101552;0.024430000;20000;9468634974;S
20240126;101552;0.024440000;1090000;9468634987;B
20240126;101553;0.024440000;2500000;9468635302;B
20240126;101556;0.024440000;20000;9468635983;B
20240126;101557;0.024440000;1090000;9468636096;B
20240126;101559;0.024430000;70000;9468636343;S
20240126;101559;0.024430000;10000;9468636367;S
20240126;101600;0.024430000;2550000;9468636691;S
20240126;101600;0.024430000;10000;9468636692;S
20240126;101600;0.024430000;170000;9468636693;S
20240126;101600;0.024430000;10000;9468636694;S
20240126;101600;0.024430000;100000;9468636695;S
20240126;101600;0.024430000;100000;9468636696;S
20240126;101600;0.024430000;760000;9468636697;S
20240126;101602;0.024435000;280000;9468636944;B
20240126;101603;0.024425000;10000;9468637352;S
20240126;101604;0.024430000;410000;9468637392;B
20240126;101605;0.024425000;10000;9468637589;S
20240126;101605;0.024430000;550000;9468637742;B
20240126;101605;0.024430000;10000;9468637757;B
20240126;101607;0.024430000;470000;9468638182;B
20240126;101608;0.024425000;10000;9468638213;S
20240126;101608;0.024430000;20000;9468638256;B
20240126;101608;0.024430000;10000;9468638280;B
20240126;101610;0.024425000;370000;9468638906;S
20240126;101610;0.024425000;1500000;9468638907;S
20240126;101610;0.024420000;32700000;9468638908;S
20240126;101610;0.024420000;200000;9468638909;S
20240126;101610;0.024420000;5230000;9468638910;S
20240126;101610;0.024415000;4200000;9468639021;S
20240126;101610;0.024425000;110000;9468639084;S
20240126;101610;0.024415000;170000;9468639085;S
20240126;101611;0.024410000;10000;9468639315;S
20240126;101611;0.024410000;7970000;9468639320;S
20240126;101611;0.024410000;2030000;9468639321;S
20240126;101613;0.024430000;50000;9468639484;B
20240126;101616;0.024410000;10000;9468639860;S
20240126;101616;0.024410000;20000;9468639861;S
20240126;101618;0.024420000;10000;9468640195;B
20240126;101618;0.024410000;180000;9468640214;S
20240126;101618;0.024410000;10000;9468640215;S
20240126;101618;0.024410000;10000;9468640216;S
20240126;101618;0.024410000;10000;9468640217;S
20240126;101618;0.024410000;10000;9468640218;S
20240126;101618;0.024410000;2780000;9468640219;S
20240126;101618;0.024410000;460000;9468640247;S
20240126;101618;0.024410000;10000;9468640281;S
20240126;101618;0.024420000;30000;9468640348;B
20240126;101619;0.024410000;1000000;9468640392;S
20240126;101619;0.024420000;60000;9468640440;B
20240126;101620;0.024415000;10000;9468640798;S
20240126;101621;0.024425000;50000;9468640908;B
20240126;101621;0.024425000;100000;9468641025;B
20240126;101621;0.024415000;10000;9468641032;S
20240126;101621;0.024425000;90000;9468641038;B
20240126;101621;0.024425000;160000;9468641051;B
20240126;101622;0.024425000;1000000;9468641237;B
20240126;101622;0.024425000;10000;9468641288;B
20240126;101623;0.024420000;10000;9468641459;S
20240126;101626;0.024420000;10000;9468641798;S
20240126;101626;0.024420000;10000;9468641807;S
20240126;101627;0.024430000;20000;9468641939;B
20240126;101627;0.024420000;10000;9468641949;S
20240126;101627;0.024420000;2970000;9468641953;S
20240126;101627;0.024420000;4100000;9468641954;S
20240126;101627;0.024420000;2930000;9468641955;S
20240126;101627;0.024420000;10000;9468641984;S
20240126;101633;0.024425000;20000;9468642645;B
20240126;101633;0.024425000;10000;9468642646;B
20240126;101633;0.024425000;10000;9468642690;B
20240126;101633;0.024420000;1840000;9468642717;S
20240126;101633;0.024420000;250000;9468642718;S
20240126;101633;0.024415000;2980000;9468642719;S
20240126;101633;0.024415000;1930000;9468642720;S
20240126;101633;0.024420000;2230000;9468642762;S
20240126;101633;0.024420000;1270000;9468642763;S
20240126;101636;0.024415000;50000000;9468643141;S
20240126;101637;0.024420000;10000;9468643243;B
20240126;101637;0.024420000;10000;9468643262;B
20240126;101638;0.024420000;20000;9468643403;B
20240126;101639;0.024415000;10000;9468643643;S
20240126;101639;0.024420000;10000;9468643708;B
20240126;101640;0.024420000;20000;9468643814;B
20240126;101641;0.024420000;10000;9468644094;B
20240126;101642;0.024420000;20000;9468644230;B
20240126;101643;0.024420000;50000;9468644338;B
20240126;101643;0.024425000;2960000;9468644339;B
20240126;101643;0.024425000;4000000;9468644340;B
20240126;101643;0.024425000;280000;9468644341;B
20240126;101643;0.024430000;1360000;9468644342;B
20240126;101643;0.024430000;700000;9468644343;B
20240126;101643;0.024430000;1400000;9468644344;B
20240126;101643;0.024430000;50000;9468644345;B
20240126;101643;0.024430000;500000;9468644346;B
20240126;101643;0.024430000;10000;9468644347;B
20240126;101643;0.024430000;700000;9468644348;B
20240126;101643;0.024430000;3990000;9468644349;B
20240126;101643;0.024415000;10000;9468644391;S
20240126;101644;0.024425000;100000;9468644497;B
20240126;101645;0.024425000;2900000;9468644785;B
20240126;101645;0.024430000;330000;9468644786;B
20240126;101645;0.024430000;1000000;9468644787;B
20240126;101645;0.024430000;3000000;9468644788;B
20240126;101645;0.024435000;4100000;9468644789;B
20240126;101645;0.024435000;12300000;9468644790;B
20240126;101645;0.024435000;6000000;9468644791;B
20240126;101645;0.024435000;12280000;9468644792;B
20240126;101645;0.024435000;4000000;9468644793;B
20240126;101645;0.024435000;10000;9468644794;B
20240126;101645;0.024440000;6000000;9468644795;B
20240126;101645;0.024440000;2000000;9468644796;B
20240126;101645;0.024440000;22780000;9468644797;B
20240126;101647;0.024425000;100000;9468645063;B
20240126;101649;0.024425000;10000;9468645373;B
20240126;101649;0.024420000;20000;9468645433;S
20240126;101649;0.024420000;980000;9468645434;S
20240126;101651;0.024420000;20000;9468645593;S
20240126;101651;0.024420000;1530000;9468645609;S
20240126;101652;0.024425000;650000;9468645763;B
20240126;101652;0.024425000;560000;9468645795;B
20240126;101653;0.024425000;10000;9468645935;B
20240126;101654;0.024425000;40000;9468645960;B
20240126;101655;0.024425000;10000;9468646245;B
20240126;101659;0.024420000;10000;9468646685;S
20240126;101659;0.024420000;440000;9468646721;S
20240126;101659;0.024415000;5860000;9468646722;S
20240126;101700;0.024415000;2500000;9468646963;S
20240126;101701;0.024420000;100000;9468647182;B
20240126;101702;0.024420000;30000;9468647228;B
20240126;101705;0.024420000;100000;9468647885;B
20240126;101706;0.024420000;660000;9468648249;B
20240126;101709;0.024415000;10000;9468648790;S
20240126;101709;0.024420000;40000;9468648847;B
20240126;101710;0.024420000;50000;9468649017;B
20240126;101710;0.024415000;30000;9468649072;S
20240126;101712;0.024420000;30000;9468649263;B
20240126;101712;0.024420000;430000;9468649267;B
20240126;101712;0.024420000;10000;9468649294;B
20240126;101712;0.024415000;10000;9468649373;S
20240126;101713;0.024415000;10000;9468649459;S
20240126;101713;0.024415000;10000;9468649460;S
20240126;101714;0.024415000;10000;9468649755;S
20240126;101714;0.024420000;840000;9468649832;B
20240126;101714;0.024420000;30000;9468649833;B
20240126;101714;0.024420000;50000;9468649835;B
20240126;101715;0.024420000;20000;9468650007;B
20240126;101715;0.024420000;130000;9468650060;B
20240126;101715;0.024415000;20000;9468650068;S
20240126;101716;0.024420000;10000;9468650126;B
20240126;101716;0.024415000;25000000;9468650205;S
20240126;101717;0.024420000;10000;9468650280;B
20240126;101721;0.024415000;20000000;9468651061;S
20240126;101722;0.024420000;20000;9468651248;B
20240126;101723;0.024415000;51090000;9468651429;S
20240126;101723;0.024415000;20000;9468651430;S
20240126;101723;0.024415000;20000;9468651431;S
20240126;101723;0.024410000;6000000;9468651432;S
20240126;101723;0.024410000;200000;9468651433;S
20240126;101723;0.024405000;6000000;9468651434;S
20240126;101723;0.024405000;12910000;9468651435;S
20240126;101723;0.024405000;10000;9468651436;S
20240126;101723;0.024405000;11650000;9468651437;S
20240126;101723;0.024405000;10000;9468651438;S
20240126;101723;0.024405000;10000;9468651439;S
20240126;101723;0.024405000;10000;9468651440;S
20240126;101723;0.024405000;10000;9468651441;S
20240126;101723;0.024405000;8500000;9468651442;S
20240126;101723;0.024405000;3560000;9468651443;S
20240126;101724;0.024415000;60000;9468651550;B
20240126;101724;0.024415000;20000;9468651556;B
20240126;101724;0.024415000;20000;9468651591;B
20240126;101725;0.024410000;10000;9468651852;B
20240126;101725;0.024410000;2000000;9468651859;B
20240126;101726;0.024410000;1200000;9468651916;B
20240126;101728;0.024400000;10000;9468652388;S
20240126;101729;0.024405000;110000;9468652571;B
20240126;101729;0.024405000;380000;9468652572;B
20240126;101729;0.024405000;10000;9468652589;B
20240126;101729;0.024400000;190000;9468652595;S
20240126;101729;0.024400000;10000;9468652596;S
20240126;101729;0.024400000;10000;9468652597;S
20240126;101729;0.024400000;3000000;9468652598;S
20240126;101729;0.024400000;70000;9468652599;S
20240126;101729;0.024405000;40000;9468652608;B
20240126;101730;0.024405000;370000;9468652884;B
20240126;101730;0.024405000;10000;9468652885;B
20240126;101731;0.024405000;100000;9468652981;B
20240126;101731;0.024405000;2090000;9468653009;B
20240126;101731;0.024410000;2910000;9468653010;B
20240126;101734;0.024410000;30000;9468653515;B
20240126;101734;0.024410000;50000;9468653682;B
20240126;101735;0.024410000;10000;9468653925;B
20240126;101735;0.024415000;1450000;9468653926;B
20240126;101736;0.024410000;20000;9468654155;B
20240126;101737;0.024410000;100000;9468654395;B
20240126;101737;0.024400000;10000;9468654449;S
20240126;101738;0.024400000;70000;9468654552;S
20240126;101738;0.024400000;90000;9468654553;S
20240126;101739;0.024400000;210000;9468654845;S
20240126;101739;0.024400000;400000;9468654846;S
20240126;101739;0.024400000;100000;9468654847;S
20240126;101739;0.024400000;10000;9468654848;S
20240126;101739;0.024400000;10000;9468654849;S
20240126;101739;0.024400000;10000;9468654850;S
20240126;101739;0.024400000;30000;9468654851;S
20240126;101739;0.024400000;20000;9468654852;S
20240126;101739;0.024400000;2450000;9468654853;S
20240126;101739;0.024400000;10000;9468654856;B
20240126;101739;0.024405000;4000000;9468654857;B
20240126;101739;0.024410000;2880000;9468654858;B
20240126;101739;0.024410000;500000;9468654859;B
20240126;101739;0.024415000;50000;9468654860;B
20240126;101739;0.024415000;4750000;9468654861;B
20240126;101741;0.024400000;10000;9468655016;B
20240126;101741;0.024410000;40000;9468655017;B
20240126;101742;0.024395000;2000000;9468655229;S
20240126;101742;0.024395000;1000000;9468655230;S
20240126;101742;0.024395000;50000;9468655231;S
20240126;101742;0.024395000;50000;9468655232;S
20240126;101742;0.024395000;2500000;9468655233;S
20240126;101742;0.024395000;10000;9468655234;S
20240126;101742;0.024395000;2000000;9468655235;S
20240126;101742;0.024395000;2390000;9468655236;S
20240126;101745;0.024410000;50000;9468655800;B
20240126;101745;0.024395000;50000;9468655875;S
20240126;101746;0.024410000;60000;9468655961;B
20240126;101746;0.024410000;10000;9468656038;B
20240126;101747;0.024410000;300000;9468656134;B
20240126;101747;0.024410000;10000;9468656215;B
20240126;101749;0.024405000;10000;9468656539;S
20240126;101749;0.024400000;10000;9468656540;S
20240126;101751;0.024400000;2000000;9468656957;B
20240126;101754;0.024390000;20000;9468657416;S
20240126;101755;0.024400000;200000;9468657668;B
20240126;101756;0.024400000;100000;9468657762;B
20240126;101756;0.024400000;10000;9468657781;B
20240126;101758;0.024400000;60000;9468658135;B
20240126;101800;0.024400000;10000;9468658441;B
20240126;101800;0.024400000;10000;9468658479;B
20240126;101800;0.024400000;400000;9468658599;B
20240126;101801;0.024400000;10000;9468658909;B
20240126;101802;0.024390000;80000;9468658980;S
20240126;101802;0.024390000;20000;9468658981;S
20240126;101802;0.024390000;490000;9468658982;S
20240126;101803;0.024400000;200000;9468659072;B
20240126;101803;0.024400000;160000;9468659073;B
20240126;101803;0.024390000;1220000;9468659103;S
20240126;101803;0.024400000;10000;9468659155;B
20240126;101804;0.024400000;10000;9468659283;B
20240126;101804;0.024400000;10000;9468659421;B
20240126;101805;0.024400000;10000;9468659525;B
20240126;101805;0.024400000;10000;9468659647;B
20240126;101805;0.024400000;10000;9468659681;B
20240126;101807;0.024400000;250000;9468659986;B
20240126;101807;0.024400000;10000;9468660036;B
20240126;101808;0.024400000;10000;9468660234;B
20240126;101808;0.024400000;30000;9468660272;B
20240126;101809;0.024390000;3000000;9468660454;S
20240126;101809;0.024400000;80000;9468660462;B
20240126;101811;0.024400000;10000;9468661063;B
20240126;101811;0.024400000;10000;9468661156;B
20240126;101811;0.024395000;300000;9468661207;S
20240126;101812;0.024400000;20000;9468661381;B
20240126;101812;0.024400000;10000;9468661384;B
20240126;101812;0.024400000;10000;9468661385;B
20240126;101812;0.024400000;20000;9468661563;B
20240126;101812;0.024400000;1650000;9468661571;B
20240126;101813;0.024400000;20000;9468661615;B
20240126;101813;0.024395000;10000;9468661620;S
20240126;101813;0.024395000;10000;9468661682;S
20240126;101813;0.024400000;10000;9468661690;B
20240126;101813;0.024400000;10000;9468661709;B
20240126;101813;0.024395000;10000;9468661771;S
20240126;101814;0.024400000;70000;9468661786;B
20240126;101814;0.024400000;10000;9468661830;B
20240126;101814;0.024395000;10000;9468661847;S
20240126;101814;0.024400000;10000;9468661951;B
20240126;101815;0.024400000;10000;9468662031;B
20240126;101815;0.024400000;50000;9468662154;B
20240126;101815;0.024400000;10000;9468662175;B
20240126;101816;0.024395000;10000;9468662227;S
20240126;101816;0.024400000;30000;9468662241;B
20240126;101816;0.024400000;10000;9468662267;B
20240126;101816;0.024400000;20000;9468662362;B
20240126;101817;0.024400000;10000;9468662440;B
20240126;101817;0.024400000;10000;9468662450;B
20240126;101817;0.024400000;10000;9468662496;B
20240126;101817;0.024400000;1840000;9468662504;B
20240126;101818;0.024400000;10000;9468662762;B
20240126;101822;0.024400000;10000;9468663345;B
20240126;101822;0.024395000;20000;9468663433;S
20240126;101823;0.024400000;20000;9468663513;B
20240126;101824;0.024400000;30000;9468663710;B
20240126;101824;0.024400000;10000;9468663729;B
20240126;101825;0.024400000;10000;9468663962;B
20240126;101826;0.024395000;10000;9468664067;S
20240126;101826;0.024400000;30000;9468664095;B
20240126;101826;0.024395000;10000;9468664177;S
20240126;101826;0.024395000;20000;9468664178;S
20240126;101830;0.024400000;10000;9468664826;B
20240126;101831;0.024395000;30000;9468664901;S
20240126;101831;0.024395000;10000;9468664902;S
20240126;101831;0.024395000;70000;9468664903;S
20240126;101831;0.024395000;20000;9468664904;S
20240126;101831;0.024395000;210000;9468664905;S
20240126;101831;0.024395000;10000;9468664906;S
20240126;101831;0.024395000;50000;9468664907;S
20240126;101831;0.024395000;10000;9468664908;S
20240126;101831;0.024395000;520000;9468664909;S
20240126;101832;0.024400000;10000;9468665071;B
20240126;101834;0.024400000;20000;9468665314;B
20240126;101834;0.024400000;100000;9468665353;B
20240126;101835;0.024400000;10000;9468665423;B
20240126;101835;0.024400000;10000;9468665433;B
20240126;101835;0.024395000;10000;9468665525;S
20240126;101836;0.024400000;10000;9468665572;B
20240126;101836;0.024400000;10000;9468665629;B
20240126;101837;0.024400000;30000;9468665680;B
20240126;101837;0.024395000;20000;9468665729;S
20240126;101837;0.024400000;10000;9468665811;B
20240126;101838;0.024400000;40000;9468665984;B
20240126;101838;0.024400000;10000;9468665991;B
20240126;101839;0.024400000;20000;9468666076;B
20240126;101840;0.024400000;20000;9468666253;B
20240126;101842;0.024400000;20000;9468666432;B
20240126;101843;0.024400000;10000;9468666637;B
20240126;101843;0.024400000;250000;9468666713;B
20240126;101844;0.024400000;10000;9468666850;B
20240126;101846;0.024400000;20000;9468667191;B
20240126;101848;0.024400000;40000;9468667498;B
20240126;101848;0.024400000;80000;9468667596;B
20240126;101849;0.024395000;1000000;9468667740;S
20240126;101849;0.024400000;10000;9468667782;B
20240126;101852;0.024395000;8900000;9468668143;S
20240126;101856;0.024400000;10000;9468669057;B
20240126;101857;0.024395000;50000;9468669253;S
20240126;101857;0.024395000;30000;9468669254;S
20240126;101857;0.024395000;50000;9468669255;S
20240126;101857;0.024395000;60000;9468669256;S
20240126;101857;0.024390000;10000;9468669257;S
20240126;101857;0.024390000;1120000;9468669258;S
20240126;101857;0.024390000;10000;9468669259;S
20240126;101857;0.024390000;10000;9468669260;S
20240126;101857;0.024390000;20000;9468669261;S
20240126;101857;0.024390000;10000;9468669262;S
20240126;101857;0.024390000;5200000;9468669263;S
20240126;101903;0.024390000;3300000;9468670393;S
20240126;101903;0.024390000;10000;9468670394;S
20240126;101903;0.024390000;10000;9468670395;S
20240126;101903;0.024390000;10000;9468670396;S
20240126;101903;0.024385000;700000;9468670397;S
20240126;101907;0.024390000;10000;9468671007;B
20240126;101907;0.024390000;10000;9468671096;B
20240126;101908;0.024390000;20000;9468671205;B
20240126;101908;0.024390000;10000;9468671210;B
20240126;101908;0.024385000;10000;9468671272;S
20240126;101908;0.024385000;10000;9468671273;S
20240126;101908;0.024385000;10000;9468671274;S
20240126;101908;0.024385000;10000;9468671275;S
20240126;101908;0.024385000;2500000;9468671276;S
20240126;101908;0.024380000;6000000;9468671277;S
20240126;101908;0.024380000;11650000;9468671278;S
20240126;101908;0.024380000;10000;9468671279;S
20240126;101908;0.024380000;10000;9468671280;S
20240126;101908;0.024380000;10000;9468671281;S
20240126;101908;0.024380000;4780000;9468671282;S
20240126;101916;0.024385000;500000;9468672698;S
20240126;101916;0.024380000;9500000;9468672699;S
20240126;101916;0.024385000;20000;9468672706;B
20240126;101918;0.024390000;10000;9468672890;B
20240126;101919;0.024385000;20000;9468673104;B
20240126;101919;0.024390000;30000;9468673105;B
20240126;101923;0.024385000;10000;9468673815;S
20240126;101924;0.024390000;20000;9468673954;B
20240126;101925;0.024390000;390000;9468674142;B
20240126;101925;0.024390000;50000;9468674188;B
20240126;101926;0.024390000;20000;9468674571;B
20240126;101927;0.024380000;8500000;9468674930;S
20240126;101927;0.024380000;840000;9468674931;S
20240126;101927;0.024380000;660000;9468674932;S
20240126;101928;0.024390000;2450000;9468675436;B
20240126;101928;0.024390000;80000;9468675437;B
20240126;101928;0.024390000;1510000;9468675438;B
20240126;101930;0.024390000;10000;9468675941;B
20240126;101931;0.024390000;10000;9468676076;B
20240126;101931;0.024390000;50000;9468676110;B
20240126;101932;0.024390000;10000;9468676299;B
20240126;101932;0.024390000;10000;9468676326;B
20240126;101933;0.024390000;30000;9468676395;B
20240126;101936;0.024390000;10000;9468676993;B
20240126;101937;0.024380000;40000;9468677013;S
20240126;101937;0.024380000;900000;9468677056;S
20240126;101937;0.024380000;10000;9468677057;S
20240126;101937;0.024375000;6000000;9468677058;S
20240126;101937;0.024375000;3090000;9468677059;S
20240126;101937;0.024390000;80000;9468677060;B
20240126;101937;0.024375000;200000;9468677126;S
20240126;101938;0.024375000;810000;9468677249;S
20240126;101938;0.024390000;10000;9468677307;B
20240126;101939;0.024390000;50000;9468677425;B
20240126;101939;0.024385000;300000;9468677454;S
20240126;101939;0.024390000;20000;9468677461;B
20240126;101940;0.024390000;10000;9468677641;B
20240126;101941;0.024385000;10000;9468677656;S
20240126;101941;0.024385000;190000;9468677700;S
20240126;101941;0.024380000;1090000;9468677701;S
20240126;101941;0.024380000;1000000;9468677702;S
20240126;101941;0.024375000;7550000;9468677703;S
20240126;101941;0.024375000;10000;9468677704;S
20240126;101941;0.024375000;2500000;9468677705;S
20240126;101941;0.024375000;30710000;9468677706;S
20240126;101941;0.024375000;6000000;9468677707;S
20240126;101941;0.024370000;950000;9468677708;S
20240126;101942;0.024375000;150000;9468677903;S
20240126;101942;0.024375000;1090000;9468677936;S
20240126;101943;0.024375000;1000000;9468678001;S
20240126;101945;0.024370000;200000;9468678353;S
20240126;101948;0.024375000;20000;9468678617;S
20240126;101950;0.024390000;80000;9468678769;B
20240126;101950;0.024390000;170000;9468678770;B
20240126;101953;0.024390000;30000;9468679093;B
20240126;101957;0.024375000;870000;9468679526;S
20240126;101957;0.024370000;4850000;9468679527;S
20240126;101957;0.024370000;4280000;9468679528;S
20240126;101959;0.024390000;10000;9468679930;B
20240126;102000;0.024375000;20000;9468680145;S
20240126;102001;0.024375000;240000;9468680281;S
20240126;102004;0.024375000;20000;9468680695;B
20240126;102009;0.024370000;2220000;9468681848;S
20240126;102010;0.024370000;100000;9468681991;S
20240126;102012;0.024375000;20000;9468682485;B
20240126;102012;0.024370000;170000;9468682486;S
20240126;102013;0.024370000;1090000;9468682497;S
20240126;102013;0.024370000;520000;9468682499;S
20240126;102013;0.024370000;170000;9468682500;S
20240126;102013;0.024370000;10000;9468682501;S
20240126;102013;0.024370000;30000;9468682502;S
20240126;102013;0.024370000;10000;9468682503;S
20240126;102013;0.024370000;30000;9468682504;S
20240126;102013;0.024370000;50000;9468682505;S
20240126;102013;0.024370000;60000;9468682506;S
20240126;102013;0.024370000;40000;9468682507;S
20240126;102013;0.024370000;10000;9468682508;S
20240126;102013;0.024370000;20000;9468682509;S
20240126;102013;0.024370000;60000;9468682510;S
20240126;102013;0.024370000;20000;9468682511;S
20240126;102013;0.024370000;50000;9468682512;S
20240126;102013;0.024370000;10000;9468682513;S
20240126;102013;0.024370000;30000;9468682514;S
20240126;102013;0.024370000;10000;9468682515;S
20240126;102013;0.024370000;190000;9468682516;S
20240126;102013;0.024370000;10000;9468682517;S
20240126;102013;0.024370000;1260000;9468682518;S
20240126;102013;0.024370000;50000;9468682519;S
20240126;102013;0.024365000;50000;9468682520;S
20240126;102013;0.024365000;30000;9468682521;S
20240126;102013;0.024365000;20000;9468682522;S
20240126;102013;0.024365000;180000;9468682523;S
20240126;102013;0.024365000;40000;9468682534;S
20240126;102013;0.024365000;2000000;9468682585;S
20240126;102013;0.024365000;100000;9468682586;S
20240126;102013;0.024365000;10000;9468682587;S
20240126;102014;0.024365000;10000;9468682686;B
20240126;102015;0.024365000;50000;9468682812;B
20240126;102015;0.024360000;10000000;9468682843;S
20240126;102015;0.024365000;10000;9468682869;B
20240126;102017;0.024360000;220000;9468683143;S
20240126;102017;0.024365000;130000;9468683166;B
20240126;102018;0.024365000;20000;9468683331;B
20240126;102019;0.024360000;160000;9468683389;S
20240126;102019;0.024365000;20000;9468683413;B
20240126;102019;0.024360000;800000;9468683417;S
20240126;102020;0.024365000;40000;9468683600;B
20240126;102024;0.024365000;10000;9468684301;B
20240126;102028;0.024365000;10000;9468684927;B
20240126;102028;0.024365000;40000;9468684968;B
20240126;102028;0.024365000;10000;9468684969;B
20240126;102029;0.024360000;10000;9468685112;S
20240126;102031;0.024365000;150000;9468685558;B
20240126;102033;0.024370000;10000;9468685955;B
20240126;102033;0.024370000;20000;9468685956;B
20240126;102033;0.024370000;20000;9468685957;B
20240126;102033;0.024375000;4950000;9468685958;B
20240126;102034;0.024370000;700000;9468686030;S
20240126;102035;0.024375000;1500000;9468686161;B
20240126;102035;0.024370000;900000;9468686183;S
20240126;102037;0.024375000;220000;9468686450;B
20240126;102037;0.024375000;10000;9468686451;B
20240126;102037;0.024370000;3400000;9468686462;S
20240126;102038;0.024375000;10000;9468686545;B
20240126;102038;0.024375000;13030000;9468686564;B
20240126;102038;0.024380000;10000;9468686565;B
20240126;102039;0.024385000;30000;9468686697;B
20240126;102039;0.024390000;20000;9468686698;B
20240126;102039;0.024390000;10000;9468686699;B
20240126;102039;0.024390000;940000;9468686700;B
20240126;102046;0.024395000;10000;9468687669;B
20240126;102052;0.024395000;10000;9468688498;B
20240126;102053;0.024395000;20000;9468688670;B
20240126;102054;0.024390000;3000000;9468688804;S
20240126;102054;0.024385000;1000000;9468688805;S
20240126;102055;0.024395000;480000;9468689023;B
20240126;102059;0.024395000;490000;9468689465;B
20240126;102101;0.024395000;10000;9468689682;B
20240126;102103;0.024395000;10000;9468689960;B
20240126;102103;0.024390000;310000;9468689974;S
20240126;102103;0.024390000;350000;9468689995;S
20240126;102107;0.024385000;60000;9468690540;S
20240126;102108;0.024385000;10000;9468690687;S
20240126;102114;0.024395000;10000;9468691563;B
20240126;102116;0.024395000;40000;9468691912;B
20240126;102116;0.024385000;150000;9468692021;S
20240126;102117;0.024395000;230000;9468692083;B
20240126;102117;0.024395000;20000;9468692111;B
20240126;102118;0.024385000;10000;9468692386;S
20240126;102119;0.024385000;30000;9468692506;S
20240126;102121;0.024390000;10000;9468692880;B
20240126;102121;0.024385000;30000;9468692926;S
20240126;102122;0.024390000;100000;9468692983;B
20240126;102122;0.024390000;10000;9468693024;B
20240126;102122;0.024390000;20000;9468693057;B
20240126;102123;0.024385000;60000;9468693249;S
20240126;102124;0.024395000;10000;9468693258;B
20240126;102124;0.024385000;10000;9468693280;S
20240126;102124;0.024385000;10000;9468693311;S
20240126;102126;0.024395000;30000;9468693608;B
20240126;102130;0.024395000;10000;9468694098;B
20240126;102130;0.024385000;410000;9468694140;S
20240126;102134;0.024395000;100000;9468694568;B
20240126;102137;0.024385000;10000;9468695139;S
20240126;102142;0.024385000;60000;9468695825;S
20240126;102146;0.024395000;10000;9468696511;B
20240126;102147;0.024395000;20000;9468696726;B
20240126;102152;0.024395000;810000;9468697350;B
20240126;102152;0.024395000;100000;9468697394;B
20240126;102154;0.024395000;2710000;9468697626;B
20240126;102154;0.024395000;290000;9468697627;B
20240126;102155;0.024390000;1490000;9468697715;S
20240126;102200;0.024390000;840000;9468698557;S
20240126;102200;0.024385000;10450000;9468698558;S
20240126;102200;0.024385000;1000000;9468698559;S
20240126;102200;0.024385000;1000000;9468698560;S
20240126;102200;0.024385000;2000000;9468698561;S
20240126;102200;0.024385000;4080000;9468698562;S
20240126;102200;0.024395000;20000;9468698563;B
20240126;102200;0.024395000;100000;9468698612;B
20240126;102200;0.024395000;4100000;9468698613;B
20240126;102200;0.024395000;810000;9468698614;B
20240126;102200;0.024400000;14660000;9468698615;B
20240126;102200;0.024400000;20000000;9468698616;B
20240126;102200;0.024400000;510000;9468698617;B
20240126;102200;0.024400000;6000000;9468698618;B
20240126;102200;0.024400000;500000;9468698619;B
20240126;102200;0.024400000;50000;9468698620;B
20240126;102200;0.024400000;280000;9468698621;B
20240126;102200;0.024400000;2110000;9468698622;B
20240126;102202;0.024405000;20000;9468698833;B
20240126;102202;0.024400000;410000;9468698841;S
20240126;102202;0.024405000;20000;9468698851;B
20240126;102204;0.024405000;10000;9468699091;B
20240126;102207;0.024400000;180000;9468699393;S
20240126;102209;0.024405000;90000;9468699853;B
20240126;102210;0.024405000;30000;9468699915;B
20240126;102210;0.024400000;10000;9468699954;S
20240126;102211;0.024405000;50000;9468700039;B
20240126;102212;0.024405000;100000;9468700112;B
20240126;102213;0.024400000;50000;9468700263;S
20240126;102218;0.024400000;40000;9468700984;S
20240126;102219;0.024405000;3000000;9468701209;B
20240126;102220;0.024400000;100000000;9468701413;S
20240126;102221;0.024405000;80000;9468701443;B
20240126;102222;0.024405000;110000;9468701591;B
20240126;102222;0.024400000;8000000;9468701595;S
20240126;102222;0.024400000;6000000;9468701596;S
20240126;102222;0.024400000;4190000;9468701597;S
20240126;102222;0.024400000;10000;9468701598;S
20240126;102222;0.024385000;100000;9468701634;S
20240126;102222;0.024385000;30000;9468701635;S
20240126;102222;0.024385000;1750000;9468701636;S
20240126;102222;0.024385000;3000000;9468701637;S
20240126;102222;0.024385000;1790000;9468701638;S
20240126;102224;0.024395000;1000000;9468701891;B
20240126;102227;0.024395000;310000;9468702245;B
20240126;102227;0.024395000;150000;9468702258;B
20240126;102228;0.024395000;40000;9468702495;B
20240126;102229;0.024395000;20000;9468702831;B
20240126;102230;0.024395000;5000000;9468702850;B
20240126;102231;0.024395000;200000;9468702966;B
20240126;102231;0.024390000;10000;9468703125;S
20240126;102232;0.024395000;10000;9468703154;B
20240126;102235;0.024395000;10000;9468703545;B
20240126;102237;0.024395000;30000;9468703806;B
20240126;102240;0.024395000;10000;9468704139;B
20240126;102240;0.024395000;30000;9468704143;B
20240126;102244;0.024390000;10000;9468704861;S
20240126;102253;0.024390000;100000;9468705988;S
20240126;102259;0.024390000;60000;9468706710;S
20240126;102259;0.024395000;10000;9468706746;B
20240126;102300;0.024400000;500000;9468706873;B
20240126;102302;0.024400000;100000;9468707100;B
20240126;102306;0.024390000;50000;9468707746;S
20240126;102306;0.024390000;170000;9468707757;S
20240126;102306;0.024390000;50000;9468707758;S
20240126;102306;0.024385000;400000;9468707759;S
20240126;102307;0.024395000;3000000;9468707923;B
20240126;102307;0.024395000;2670000;9468707924;B
20240126;102307;0.024400000;3500000;9468707925;B
20240126;102307;0.024400000;20000;9468707926;B
20240126;102307;0.024400000;840000;9468707927;B
20240126;102307;0.024400000;6000000;9468707928;B
20240126;102307;0.024400000;12290000;9468707929;B
20240126;102307;0.024400000;30760000;9468707930;B
20240126;102307;0.024400000;70000;9468707931;B
20240126;102309;0.024400000;2000000;9468708316;S
20240126;102313;0.024400000;20640000;9468708822;S
20240126;102318;0.024400000;10000;9468709706;S
20240126;102322;0.024400000;700000;9468710122;S
20240126;102324;0.024400000;70000;9468710377;S
20240126;102324;0.024400000;10000;9468710432;S
