<DATE>;<TIME>;<LAST>;<VOL>;<ID>;<OPER>
20240208;095946;0.024720000;10000;9563588161;S
20240208;095946;0.024720000;990000;9563588162;B
20240208;095946;0.024720000;60000;9563588163;S
20240208;095946;0.024720000;270000;9563588164;S
20240208;095946;0.024720000;10000;9563588165;S
20240208;095946;0.024720000;10000;9563588166;S
20240208;095946;0.024720000;10000;9563588167;S
20240208;095946;0.024720000;10000;9563588168;S
20240208;095946;0.024720000;10000;9563588169;S
20240208;095946;0.024720000;10000;9563588170;S
20240208;095946;0.024720000;60000;9563588171;B
20240208;095946;0.024720000;1000000;9563588172;S
20240208;095946;0.024720000;10000;9563588173;S
20240208;095946;0.024720000;10000;9563588174;S
20240208;095946;0.024720000;10000;9563588175;S
20240208;095946;0.024720000;10000;9563588176;S
20240208;095946;0.024720000;10000;9563588177;S
20240208;095946;0.024720000;10000;9563588178;S
20240208;095946;0.024720000;10000;9563588179;S
20240208;095946;0.024720000;10000;9563588180;S
20240208;095946;0.024720000;10000;9563588181;S
20240208;095946;0.024720000;10000;9563588182;S
20240208;095946;0.024720000;10000;9563588183;B
20240208;095946;0.024720000;200000;9563588184;S
20240208;095946;0.024720000;10000;9563588185;S
20240208;095946;0.024720000;10000;9563588186;S
20240208;095946;0.024720000;10000;9563588187;S
20240208;095946;0.024720000;10000;9563588188;S
20240208;095946;0.024720000;10000;9563588189;S
20240208;095946;0.024720000;10000;9563588190;S
20240208;095946;0.024720000;10000;9563588191;S
20240208;095946;0.024720000;10000;9563588192;S
20240208;095946;0.024720000;10000;9563588193;S
20240208;095946;0.024720000;10000;9563588194;S
20240208;095946;0.024720000;450000;9563588195;S
20240208;095946;0.024720000;10000;9563588196;S
20240208;095946;0.024720000;10000;9563588197;S
20240208;095946;0.024720000;10000;9563588198;S
20240208;095946;0.024720000;10000;9563588199;S
20240208;095946;0.024720000;70000;9563588200;S
20240208;095946;0.024720000;10000;9563588201;S
20240208;095946;0.024720000;10000;9563588202;S
20240208;095946;0.024720000;10000;9563588203;S
20240208;095946;0.024720000;10000;9563588204;S
20240208;095946;0.024720000;10000;9563588205;S
20240208;095946;0.024720000;10000;9563588206;S
20240208;095946;0.024720000;10000;9563588207;S
20240208;095946;0.024720000;10000;9563588208;S
20240208;095946;0.024720000;10000;9563588209;S
20240208;095946;0.024720000;10000;9563588210;B
20240208;095946;0.024720000;10000;9563588211;B
20240208;095946;0.024720000;10000;9563588212;B
20240208;095946;0.024720000;30000;9563588213;B
20240208;095946;0.024720000;10000;9563588214;S
20240208;095946;0.024720000;10000;9563588215;S
20240208;095946;0.024720000;40000;9563588216;S
20240208;095946;0.024720000;50000;9563588217;S
20240208;095946;0.024720000;60000;9563588218;S
20240208;095946;0.024720000;20000;9563588219;S
20240208;095946;0.024720000;30000;9563588220;S
20240208;095946;0.024720000;10000;9563588221;S
20240208;095946;0.024720000;220000;9563588222;S
20240208;095946;0.024720000;60000;9563588223;S
20240208;095946;0.024720000;60000;9563588224;S
20240208;095946;0.024720000;10000;9563588225;S
20240208;095946;0.024720000;10000;9563588226;S
20240208;095946;0.024720000;10000;9563588227;S
20240208;095946;0.024720000;10000;9563588228;S
20240208;095946;0.024720000;10000;9563588229;S
20240208;095946;0.024720000;310000;9563588230;B
20240208;095946;0.024720000;10000;9563588231;B
20240208;095946;0.024720000;10000;9563588232;B
20240208;095946;0.024720000;5490000;9563588233;S
20240208;095946;0.024720000;50000;9563588234;S
20240208;095946;0.024720000;310000;9563588235;B
20240208;095946;0.024720000;100000;9563588236;B
20240208;095946;0.024720000;2000000;9563588237;B
20240208;095946;0.024720000;100000;9563588238;B
20240208;095946;0.024720000;520000;9563588239;B
20240208;095946;0.024720000;100000;9563588240;B
20240208;095946;0.024720000;10000;9563588241;B
20240208;095946;0.024720000;10000;9563588242;B
20240208;095946;0.024720000;10000;9563588243;B
20240208;095946;0.024720000;40000;9563588244;B
20240208;095946;0.024720000;4990000;9563588245;B
20240208;095946;0.024720000;200000;9563588246;B
20240208;095946;0.024720000;10000;9563588247;B
20240208;095946;0.024720000;10000;9563588248;B
20240208;095946;0.024720000;170000;9563588249;B
20240208;095946;0.024720000;60000;9563588250;B
20240208;095946;0.024720000;20000;9563588251;B
20240208;095946;0.024720000;30000;9563588252;B
20240208;095946;0.024720000;10000;9563588253;B
20240208;095946;0.024720000;40000;9563588254;B
20240208;095946;0.024720000;160000;9563588255;B
20240208;095946;0.024720000;420000;9563588256;B
20240208;095946;0.024720000;670000;9563588257;B
20240208;095946;0.024720000;10000;9563588258;B
20240208;095946;0.024720000;3610000;9563588259;B
20240208;095946;0.024720000;950000;9563588260;B
20240208;095946;0.024720000;10000;9563588261;B
20240208;095946;0.024720000;20000;9563588262;B
20240208;095946;0.024720000;50000;9563588263;B
20240208;095946;0.024720000;1000000;9563588264;B
20240208;095946;0.024720000;40000000;9563588265;B
20240208;095946;0.024720000;70000;9563588266;S
20240208;095946;0.024720000;10000000;9563588267;B
20240208;095946;0.024720000;10000;9563588268;B
20240208;095946;0.024720000;30000;9563588269;S
20240208;095946;0.024720000;470000;9563588270;S
20240208;095946;0.024720000;80000;9563588271;S
20240208;095946;0.024720000;60000;9563588272;S
20240208;095946;0.024720000;10000;9563588273;S
20240208;095946;0.024720000;20000;9563588274;S
20240208;095946;0.024720000;10000;9563588275;S
20240208;095946;0.024720000;20000;9563588276;S
20240208;095946;0.024720000;10000;9563588277;S
20240208;095946;0.024720000;120000;9563588278;S
20240208;095946;0.024720000;10000;9563588279;S
20240208;095946;0.024720000;240000;9563588280;B
20240208;095946;0.024720000;10000;9563588281;B
20240208;095946;0.024720000;180000;9563588282;B
20240208;095946;0.024720000;820000;9563588283;B
20240208;095946;0.024720000;40000;9563588284;B
20240208;095946;0.024720000;1980000;9563588285;B
20240208;095946;0.024720000;40000;9563588286;B
20240208;095946;0.024720000;100000;9563588287;B
20240208;095946;0.024720000;10000;9563588288;S
20240208;095946;0.024720000;10000;9563588289;B
20240208;095946;0.024720000;10000;9563588290;S
20240208;095946;0.024720000;20000;9563588291;B
20240208;095946;0.024720000;10000;9563588292;B
20240208;095946;0.024720000;10000;9563588293;B
20240208;095946;0.024720000;10000;9563588294;S
20240208;095946;0.024720000;20000;9563588295;B
20240208;095946;0.024720000;10000;9563588296;S
20240208;095946;0.024720000;10000;9563588297;B
20240208;095946;0.024720000;1900000;9563588298;B
20240208;100000;0.024720000;10000;9563591110;B
20240208;100000;0.024720000;3090000;9563591298;B
20240208;100000;0.024720000;40000;9563591299;B
20240208;100000;0.024720000;750000;9563591300;B
20240208;100000;0.024720000;10000;9563591301;B
20240208;100000;0.024725000;400000;9563591302;B
20240208;100000;0.024725000;710000;9563591303;B
20240208;100000;0.024720000;10000;9563591434;S
20240208;100000;0.024720000;30000;9563591523;S
20240208;100000;0.024725000;1800000;9563591619;B
20240208;100000;0.024725000;3200000;9563591626;B
20240208;100000;0.024725000;1800000;9563591650;B
20240208;100000;0.024725000;100000;9563591654;B
20240208;100000;0.024725000;540000;9563591663;B
20240208;100000;0.024725000;10000;9563591664;B
20240208;100000;0.024725000;1000000;9563591665;B
20240208;100000;0.024725000;1550000;9563591666;B
20240208;100000;0.024725000;3800000;9563591689;B
20240208;100000;0.024725000;1200000;9563591698;B
20240208;100000;0.024725000;5000000;9563591706;B
20240208;100000;0.024725000;50000;9563591718;B
20240208;100000;0.024725000;10000;9563591814;B
20240208;100000;0.024720000;50000;9563591837;S
20240208;100000;0.024720000;30000;9563591883;S
20240208;100000;0.024725000;10000;9563592208;B
20240208;100001;0.024720000;100000;9563593162;S
20240208;100001;0.024725000;510000;9563593239;B
20240208;100001;0.024725000;1000000;9563593240;B
20240208;100001;0.024730000;10000;9563593241;B
20240208;100001;0.024730000;3480000;9563593242;B
20240208;100001;0.024725000;400000;9563593428;B
20240208;100001;0.024720000;80000;9563593531;S
20240208;100002;0.024725000;11730000;9563593685;B
20240208;100002;0.024725000;1000000;9563593686;B
20240208;100002;0.024730000;37270000;9563593687;B
20240208;100002;0.024730000;1050000;9563593737;B
20240208;100002;0.024725000;120000;9563593853;S
20240208;100002;0.024730000;4560000;9563593855;B
20240208;100002;0.024730000;2000000;9563594087;B
20240208;100002;0.024730000;100000;9563594270;B
20240208;100002;0.024730000;50000000;9563594303;B
20240208;100002;0.024725000;20000;9563594423;S
20240208;100002;0.024725000;10000;9563594433;S
20240208;100002;0.024725000;4300000;9563594442;S
20240208;100002;0.024725000;1070000;9563594476;S
20240208;100002;0.024725000;2290000;9563594477;S
20240208;100003;0.024725000;10000;9563594973;S
20240208;100003;0.024725000;20000;9563595131;S
20240208;100003;0.024725000;20000;9563595719;S
20240208;100003;0.024725000;10000;9563595720;S
20240208;100004;0.024730000;10000;9563596054;B
20240208;100004;0.024725000;10000;9563596056;S
20240208;100004;0.024725000;40000;9563596057;S
20240208;100004;0.024725000;500000;9563596060;S
20240208;100004;0.024725000;1910000;9563596182;S
20240208;100004;0.024725000;10000;9563596546;S
20240208;100004;0.024730000;30000;9563596635;B
20240208;100004;0.024730000;10000;9563596637;B
20240208;100004;0.024730000;10000;9563596638;B
20240208;100004;0.024725000;40000;9563596642;S
20240208;100004;0.024725000;20000;9563596648;S
20240208;100004;0.024725000;10000;9563596649;S
20240208;100004;0.024725000;10000;9563596777;S
20240208;100004;0.024725000;20000;9563596778;S
20240208;100005;0.024730000;130000;9563596967;B
20240208;100005;0.024725000;50000;9563597009;S
20240208;100005;0.024725000;20000;9563597230;S
20240208;100005;0.024725000;10000;9563597244;S
20240208;100005;0.024730000;1350000;9563597466;B
20240208;100005;0.024730000;1030000;9563597467;B
20240208;100005;0.024730000;50000;9563597592;B
20240208;100005;0.024730000;400000;9563597668;B
20240208;100005;0.024725000;10000;9563597965;S
20240208;100005;0.024730000;10000;9563597968;B
20240208;100005;0.024730000;50000;9563597990;B
20240208;100005;0.024725000;20000;9563597994;S
20240208;100005;0.024730000;20000;9563598162;B
20240208;100005;0.024730000;10000;9563598163;B
20240208;100005;0.024730000;500000;9563598164;B
20240208;100005;0.024725000;10000;9563598165;S
20240208;100005;0.024730000;10000;9563598167;B
20240208;100005;0.024730000;20000;9563598185;B
20240208;100005;0.024725000;20000;9563598351;S
20240208;100005;0.024730000;10000;9563598358;B
20240208;100005;0.024730000;60000;9563598359;B
20240208;100005;0.024730000;10000;9563598424;B
20240208;100006;0.024730000;10000;9563598625;B
20240208;100006;0.024725000;10000;9563598684;S
20240208;100006;0.024730000;40000;9563598691;B
20240208;100006;0.024725000;150000;9563598692;S
20240208;100006;0.024730000;50000;9563598693;B
20240208;100006;0.024725000;20000;9563598695;S
20240208;100006;0.024730000;130000;9563598699;B
20240208;100006;0.024730000;20000;9563598700;B
20240208;100006;0.024725000;50000;9563598701;S
20240208;100006;0.024730000;10000;9563598702;B
20240208;100006;0.024725000;10000;9563598757;S
20240208;100006;0.024725000;50000;9563598959;S
20240208;100006;0.024725000;10000;9563598960;S
20240208;100006;0.024730000;10000;9563598961;B
20240208;100006;0.024730000;30000;9563598962;B
20240208;100006;0.024725000;80000;9563598963;S
20240208;100006;0.024730000;50000;9563598966;B
20240208;100006;0.024730000;10000;9563599524;B
20240208;100006;0.024730000;10000;9563599527;B
20240208;100006;0.024725000;40000;9563599858;S
20240208;100006;0.024730000;50000;9563599861;B
20240208;100006;0.024730000;10000;9563599863;B
20240208;100006;0.024725000;10000;9563599864;S
20240208;100006;0.024730000;70000;9563600025;B
20240208;100006;0.024730000;10000;9563600033;B
20240208;100006;0.024730000;60000;9563600049;B
20240208;100006;0.024730000;40000;9563600050;B
20240208;100006;0.024730000;50000;9563600053;B
20240208;100006;0.024725000;40000;9563600055;S
20240208;100006;0.024725000;80000;9563600061;S
20240208;100006;0.024725000;20000;9563600130;S
20240208;100007;0.024730000;10000;9563600271;B
20240208;100007;0.024730000;40000;9563600327;B
20240208;100007;0.024730000;40000;9563600330;B
20240208;100007;0.024725000;10000;9563600331;S
20240208;100007;0.024725000;60000;9563600332;S
20240208;100007;0.024730000;10000;9563600333;B
20240208;100007;0.024730000;10000;9563600529;B
20240208;100007;0.024725000;10000;9563600920;S
20240208;100007;0.024730000;10000;9563600995;B
20240208;100007;0.024730000;10000;9563600996;B
20240208;100007;0.024725000;50000;9563600999;S
20240208;100007;0.024730000;10000;9563601000;B
20240208;100007;0.024730000;10000;9563601002;B
20240208;100007;0.024725000;10000;9563601004;S
20240208;100007;0.024730000;10000;9563601229;B
20240208;100007;0.024730000;10000;9563601230;B
20240208;100007;0.024730000;10000;9563601231;B
20240208;100007;0.024735000;50000;9563601232;B
20240208;100007;0.024735000;10000;9563601233;B
20240208;100007;0.024735000;10000;9563601234;B
20240208;100007;0.024735000;30000;9563601235;B
20240208;100007;0.024735000;40000;9563601236;B
20240208;100007;0.024735000;10000;9563601237;B
20240208;100007;0.024730000;2700000;9563601657;B
20240208;100007;0.024730000;1000000;9563601658;B
20240208;100007;0.024730000;20000;9563601659;B
20240208;100007;0.024735000;920000;9563601660;B
20240208;100007;0.024735000;2160000;9563601661;B
20240208;100007;0.024735000;50000;9563601723;B
20240208;100008;0.024735000;10000;9563601779;B
20240208;100008;0.024725000;10000;9563601973;S
20240208;100008;0.024730000;10000;9563602506;B
20240208;100008;0.024725000;50000;9563602507;S
20240208;100010;0.024730000;10000;9563603300;B
20240208;100010;0.024730000;1000000;9563603301;B
20240208;100010;0.024735000;1000000;9563603302;B
20240208;100010;0.024735000;860000;9563603303;B
20240208;100010;0.024725000;40000;9563603313;S
20240208;100010;0.024725000;10000;9563603450;S
20240208;100010;0.024730000;80000;9563603541;B
20240208;100011;0.024725000;20000;9563603630;S
20240208;100011;0.024730000;40000;9563603632;B
20240208;100011;0.024730000;880000;9563603701;B
20240208;100011;0.024735000;1400000;9563603880;B
20240208;100011;0.024735000;740000;9563603922;B
20240208;100011;0.024735000;2860000;9563603923;B
20240208;100011;0.024735000;1900000;9563603924;B
20240208;100011;0.024735000;1000000;9563604037;B
20240208;100011;0.024735000;9000000;9563604038;B
20240208;100012;0.024735000;200000;9563604207;B
20240208;100013;0.024735000;10000;9563604447;B
20240208;100015;0.024735000;790000;9563605236;B
20240208;100015;0.024735000;10000;9563605237;B
20240208;100015;0.024735000;10000;9563605238;B
20240208;100015;0.024735000;200000;9563605239;B
20240208;100015;0.024735000;10000;9563605350;S
20240208;100016;0.024735000;570000;9563605505;S
20240208;100017;0.024735000;1000000;9563605739;S
20240208;100017;0.024740000;20000;9563605846;B
20240208;100017;0.024740000;650000;9563605847;B
20240208;100017;0.024740000;10000;9563605848;B
20240208;100017;0.024740000;40000;9563605849;B
20240208;100017;0.024740000;12000000;9563605850;B
20240208;100017;0.024740000;100000;9563605851;B
20240208;100017;0.024740000;10000;9563605852;B
20240208;100017;0.024740000;15000000;9563605853;B
20240208;100017;0.024740000;10000;9563605854;B
20240208;100017;0.024740000;5000000;9563605855;B
20240208;100017;0.024740000;1150000;9563605856;B
20240208;100017;0.024740000;12160000;9563605857;B
20240208;100017;0.024740000;12120000;9563605858;B
20240208;100017;0.024745000;1000000;9563605859;B
20240208;100017;0.024745000;100000;9563605860;B
20240208;100017;0.024745000;700000;9563605861;B
20240208;100017;0.024745000;3000000;9563605862;B
20240208;100017;0.024745000;1300000;9563605863;B
20240208;100017;0.024745000;10000;9563605864;B
20240208;100017;0.024745000;2000000;9563605865;B
20240208;100017;0.024745000;20000000;9563605866;B
20240208;100017;0.024750000;400000;9563605867;B
20240208;100017;0.024750000;1000000;9563605868;B
20240208;100017;0.024750000;10000000;9563605869;B
20240208;100017;0.024750000;250000;9563605870;B
20240208;100017;0.024750000;10000;9563605871;B
20240208;100017;0.024750000;100000;9563605872;B
20240208;100017;0.024750000;1600000;9563605873;B
20240208;100017;0.024750000;50000;9563605874;B
20240208;100017;0.024750000;30000;9563605875;B
20240208;100017;0.024750000;110000;9563605876;B
20240208;100017;0.024750000;10000;9563605877;B
20240208;100017;0.024750000;90000;9563605878;B
20240208;100017;0.024750000;10000;9563605879;B
20240208;100017;0.024750000;10000;9563605880;B
20240208;100017;0.024750000;2090000;9563605881;B
20240208;100017;0.024750000;120000000;9563605882;B
20240208;100017;0.024750000;27860000;9563605883;B
20240208;100017;0.024750000;5520000;9563605888;S
20240208;100017;0.024750000;780000;9563605889;S
20240208;100018;0.024750000;220000;9563606088;S
20240208;100018;0.024750000;880000;9563606089;S
20240208;100018;0.024750000;1500000;9563606166;S
20240208;100018;0.024750000;50000;9563606195;S
20240208;100018;0.024750000;1500000;9563606222;S
20240208;100018;0.024750000;10000;9563606228;S
20240208;100018;0.024750000;200000;9563606231;S
20240208;100018;0.024750000;2760000;9563606249;S
20240208;100018;0.024750000;940000;9563606250;S
20240208;100018;0.024750000;80000;9563606277;S
20240208;100018;0.024755000;10000;9563606279;B
20240208;100018;0.024755000;10000;9563606280;B
20240208;100018;0.024755000;10000;9563606281;B
20240208;100018;0.024755000;40000;9563606282;B
20240208;100018;0.024755000;100000;9563606283;B
20240208;100018;0.024755000;10000;9563606284;B
20240208;100018;0.024755000;30000;9563606285;B
20240208;100018;0.024755000;10000;9563606286;B
20240208;100018;0.024755000;12160000;9563606287;B
20240208;100018;0.024755000;4060000;9563606288;B
20240208;100018;0.024755000;2100000;9563606289;B
20240208;100018;0.024755000;12140000;9563606290;B
20240208;100018;0.024755000;100000;9563606291;B
20240208;100018;0.024755000;12120000;9563606292;B
20240208;100018;0.024755000;40000;9563606293;B
20240208;100018;0.024760000;20000;9563606294;B
20240208;100018;0.024760000;1010000;9563606295;B
20240208;100018;0.024760000;100000;9563606296;B
20240208;100018;0.024760000;32280000;9563606297;B
20240208;100018;0.024760000;160000000;9563606298;B
20240208;100018;0.024760000;10000;9563606299;B
20240208;100018;0.024760000;6000000;9563606300;B
20240208;100018;0.024760000;2500000;9563606301;B
20240208;100018;0.024760000;10000;9563606309;S
20240208;100018;0.024760000;100000;9563606340;S
20240208;100018;0.024760000;10000;9563606341;S
20240208;100018;0.024760000;1000000;9563606346;S
20240208;100018;0.024760000;3900000;9563606390;S
20240208;100018;0.024760000;50000;9563606392;S
20240208;100019;0.024760000;70000;9563606454;S
20240208;100019;0.024760000;2200000;9563606455;S
20240208;100019;0.024760000;5500000;9563606456;S
20240208;100019;0.024760000;980000;9563606457;S
20240208;100019;0.024760000;100000;9563606458;S
20240208;100019;0.024760000;1420000;9563606459;S
20240208;100019;0.024755000;5520000;9563606460;S
20240208;100019;0.024755000;1000000;9563606461;S
20240208;100019;0.024755000;10000;9563606462;S
20240208;100019;0.024750000;3200000;9563606463;S
20240208;100019;0.024750000;70000;9563606471;S
20240208;100019;0.024750000;10000;9563606544;S
20240208;100019;0.024760000;500000;9563606545;B
20240208;100019;0.024750000;10000;9563606554;S
20240208;100019;0.024750000;50000;9563606597;S
20240208;100020;0.024760000;180000;9563606706;B
20240208;100020;0.024750000;100000;9563606725;S
20240208;100020;0.024750000;1000000;9563606731;S
20240208;100020;0.024750000;10000;9563606732;S
20240208;100020;0.024760000;10000;9563606811;B
20240208;100020;0.024755000;10000;9563606867;S
20240208;100021;0.024750000;1000000;9563606957;S
20240208;100022;0.024760000;10000;9563607200;B
20240208;100022;0.024760000;300000;9563607479;B
20240208;100022;0.024760000;5300000;9563607480;B
20240208;100024;0.024750000;70000;9563607899;S
20240208;100024;0.024745000;30000;9563607900;S
20240208;100024;0.024750000;100000;9563607936;S
20240208;100024;0.024760000;900000;9563607965;B
20240208;100024;0.024760000;10000;9563608026;B
20240208;100025;0.024750000;2500000;9563608127;S
20240208;100025;0.024750000;400000;9563608157;S
20240208;100026;0.024750000;100000;9563608315;S
20240208;100026;0.024750000;90000;9563608494;S
20240208;100027;0.024760000;10000;9563608646;B
20240208;100027;0.024750000;50000;9563608752;S
20240208;100027;0.024760000;180000;9563608787;B
20240208;100028;0.024760000;200000;9563609059;B
20240208;100028;0.024750000;630000;9563609078;S
20240208;100029;0.024750000;1000000;9563609291;S
20240208;100030;0.024755000;1260000;9563609640;B
20240208;100030;0.024750000;10000;9563609700;S
20240208;100030;0.024750000;500000;9563609737;S
20240208;100030;0.024755000;10000;9563609840;B
20240208;100031;0.024755000;2770000;9563609855;B
20240208;100031;0.024760000;7230000;9563609856;B
20240208;100031;0.024750000;20000;9563609915;S
20240208;100031;0.024750000;50000;9563609918;S
20240208;100031;0.024760000;1000000;9563610036;B
20240208;100032;0.024750000;70000;9563610232;S
20240208;100032;0.024750000;1160000;9563610233;S
20240208;100032;0.024760000;20000;9563610247;B
20240208;100032;0.024760000;80000;9563610271;B
20240208;100032;0.024750000;10000;9563610299;S
20240208;100033;0.024750000;20000;9563610311;S
20240208;100033;0.024750000;220000;9563610379;S
20240208;100033;0.024750000;90000;9563610505;S
20240208;100035;0.024755000;100000;9563610738;S
20240208;100035;0.024760000;220000;9563610840;B
20240208;100035;0.024755000;100000;9563610883;S
20240208;100036;0.024755000;5320000;9563610957;S
20240208;100036;0.024755000;1000000;9563610958;S
20240208;100036;0.024750000;780000;9563610959;S
20240208;100036;0.024760000;800000;9563611116;B
20240208;100037;0.024755000;5520000;9563611387;S
20240208;100037;0.024755000;30000;9563611388;S
20240208;100037;0.024755000;50000;9563611397;S
20240208;100038;0.024755000;200000;9563611662;S
20240208;100038;0.024760000;260000;9563611697;B
20240208;100038;0.024755000;100000;9563611731;S
20240208;100038;0.024760000;10000;9563611732;B
20240208;100040;0.024755000;6000000;9563612150;S
20240208;100040;0.024760000;800000;9563612315;B
20240208;100040;0.024755000;3000000;9563612337;S
20240208;100041;0.024760000;3050000;9563612391;B
20240208;100041;0.024760000;10000;9563612392;B
20240208;100041;0.024760000;740000;9563612393;B
20240208;100041;0.024750000;7720000;9563612437;S
20240208;100041;0.024750000;3300000;9563612438;S
20240208;100041;0.024750000;50000;9563612439;S
20240208;100041;0.024750000;1000000;9563612440;S
20240208;100041;0.024750000;5520000;9563612441;S
20240208;100041;0.024745000;10000;9563612484;S
20240208;100041;0.024750000;1000000;9563612616;B
20240208;100042;0.024750000;500000;9563612798;B
20240208;100043;0.024745000;5480000;9563612995;S
20240208;100043;0.024745000;120000;9563612996;S
20240208;100043;0.024745000;1000000;9563612997;S
20240208;100043;0.024745000;1900000;9563612998;S
20240208;100043;0.024750000;100000;9563613149;B
20240208;100044;0.024750000;70000;9563613176;B
20240208;100044;0.024750000;490000;9563613263;B
20240208;100044;0.024745000;100000;9563613316;S
20240208;100044;0.024750000;800000;9563613330;B
20240208;100045;0.024750000;29450000;9563613691;B
20240208;100045;0.024750000;550000;9563613692;B
20240208;100046;0.024745000;50000;9563613790;S
20240208;100046;0.024745000;400000;9563613873;S
20240208;100046;0.024745000;100000;9563614003;S
20240208;100048;0.024750000;1000000;9563614709;B
20240208;100048;0.024750000;10000;9563614788;B
20240208;100049;0.024745000;5520000;9563615154;S
20240208;100049;0.024745000;1000000;9563615155;S
20240208;100049;0.024740000;2240000;9563615156;S
20240208;100049;0.024745000;500000;9563615289;S
20240208;100050;0.024745000;280000;9563615351;S
20240208;100050;0.024750000;90000;9563615352;B
20240208;100050;0.024750000;1350000;9563615353;B
20240208;100050;0.024750000;120000000;9563615354;B
20240208;100050;0.024750000;250000;9563615355;B
20240208;100050;0.024750000;4060000;9563615356;B
20240208;100050;0.024750000;9510000;9563615357;B
20240208;100050;0.024745000;800000;9563615377;S
20240208;100051;0.024745000;10000;9563615615;S
20240208;100051;0.024745000;1000000;9563615671;S
20240208;100051;0.024750000;10000;9563615874;B
20240208;100053;0.024745000;2930000;9563616639;S
20240208;100053;0.024745000;1000000;9563616640;S
20240208;100053;0.024745000;1070000;9563616641;S
20240208;100054;0.024745000;70000;9563617004;S
20240208;100055;0.024755000;10000;9563617072;B
20240208;100056;0.024745000;10980000;9563617300;S
20240208;100056;0.024745000;4020000;9563617301;S
20240208;100056;0.024755000;220000;9563617348;B
20240208;100056;0.024745000;5520000;9563617355;S
20240208;100056;0.024745000;1000000;9563617356;S
20240208;100056;0.024745000;12120000;9563617357;S
20240208;100056;0.024740000;2330000;9563617358;S
20240208;100056;0.024755000;10000;9563617416;B
20240208;100056;0.024745000;40000;9563617432;S
20240208;100056;0.024745000;40000;9563617465;S
20240208;100056;0.024745000;900000;9563617542;S
20240208;100057;0.024745000;100000;9563617628;S
20240208;100057;0.024745000;10000;9563617633;S
20240208;100057;0.024750000;40000;9563617645;B
20240208;100057;0.024750000;6290000;9563617646;B
20240208;100057;0.024755000;5760000;9563617647;B
20240208;100057;0.024760000;1260000;9563617648;B
20240208;100057;0.024760000;10000;9563617649;B
20240208;100057;0.024760000;10000;9563617650;B
20240208;100057;0.024760000;100000;9563617651;B
20240208;100057;0.024760000;250000;9563617652;B
20240208;100057;0.024760000;1580000;9563617653;B
20240208;100057;0.024760000;3800000;9563617654;B
20240208;100057;0.024760000;500000;9563617655;B
20240208;100057;0.024760000;13400000;9563617656;B
20240208;100059;0.024745000;3000000;9563618357;S
20240208;100059;0.024755000;20000;9563618396;B
20240208;100059;0.024755000;4000000;9563618397;B
20240208;100059;0.024755000;980000;9563618398;B
20240208;100059;0.024755000;20000;9563618489;B
20240208;100100;0.024745000;90000;9563618540;S
20240208;100100;0.024755000;60000;9563618561;B
20240208;100100;0.024755000;30000;9563618646;B
20240208;100100;0.024755000;20000;9563618734;B
20240208;100101;0.024755000;20000;9563618851;B
20240208;100101;0.024745000;560000;9563618867;S
20240208;100101;0.024755000;20000;9563619011;B
20240208;100102;0.024755000;20000;9563619186;B
20240208;100102;0.024755000;10000;9563619350;B
20240208;100102;0.024755000;20000;9563619407;B
20240208;100103;0.024755000;40000;9563619483;B
20240208;100103;0.024755000;20000;9563619536;B
20240208;100104;0.024755000;20000;9563619716;B
20240208;100104;0.024755000;420000;9563619785;B
20240208;100104;0.024755000;800000;9563619790;B
20240208;100104;0.024755000;20000;9563619831;B
20240208;100104;0.024755000;240000;9563619850;B
20240208;100106;0.024755000;50000;9563620185;B
20240208;100106;0.024750000;1000000;9563620186;S
20240208;100106;0.024750000;830000;9563620187;S
20240208;100106;0.024750000;10000;9563620245;S
20240208;100106;0.024755000;10000;9563620338;B
20240208;100106;0.024750000;160000;9563620400;S
20240208;100106;0.024750000;70000;9563620401;S
20240208;100106;0.024755000;300000;9563620450;B
20240208;100106;0.024755000;300000;9563620451;B
20240208;100106;0.024755000;330000;9563620453;B
20240208;100106;0.024755000;70000;9563620454;B
20240208;100106;0.024755000;300000;9563620455;B
20240208;100106;0.024755000;30000;9563620456;B
20240208;100106;0.024755000;50000;9563620457;B
20240208;100106;0.024760000;420000;9563620458;B
20240208;100106;0.024760000;300000;9563620459;B
20240208;100106;0.024760000;300000;9563620462;B
20240208;100106;0.024760000;300000;9563620463;B
20240208;100106;0.024760000;300000;9563620464;B
20240208;100106;0.024760000;400000;9563620465;B
20240208;100106;0.024760000;500000;9563620468;B
20240208;100106;0.024760000;200000;9563620469;B
20240208;100106;0.024760000;200000;9563620470;B
20240208;100106;0.024760000;500000;9563620471;B
20240208;100106;0.024760000;200000;9563620485;B
20240208;100106;0.024760000;100000;9563620486;B
20240208;100106;0.024760000;600000;9563620487;B
20240208;100106;0.024760000;300000;9563620488;B
20240208;100106;0.024760000;400000;9563620489;B
20240208;100106;0.024760000;400000;9563620497;B
20240208;100106;0.024760000;300000;9563620498;B
20240208;100106;0.024760000;300000;9563620499;B
20240208;100106;0.024760000;300000;9563620500;B
20240208;100107;0.024755000;300000;9563620507;B
20240208;100107;0.024755000;400000;9563620508;B
20240208;100107;0.024755000;700000;9563620509;B
20240208;100107;0.024755000;1300000;9563620510;B
20240208;100107;0.024755000;300000;9563620515;B
20240208;100107;0.024755000;600000;9563620516;B
20240208;100107;0.024755000;300000;9563620517;B
20240208;100107;0.024755000;300000;9563620518;B
20240208;100107;0.024755000;7960000;9563620519;B
20240208;100107;0.024760000;4060000;9563620520;B
20240208;100107;0.024760000;5410000;9563620521;B
20240208;100107;0.024760000;15000000;9563620522;B
20240208;100107;0.024760000;20000;9563620578;S
20240208;100107;0.024760000;8000000;9563620703;S
20240208;100108;0.024760000;4550000;9563620785;S
20240208;100108;0.024760000;500000;9563620786;S
20240208;100108;0.024760000;400000;9563620787;S
20240208;100108;0.024760000;300000;9563620788;S
20240208;100108;0.024760000;600000;9563620789;S
20240208;100108;0.024760000;600000;9563620790;S
20240208;100108;0.024760000;600000;9563620791;S
20240208;100108;0.024760000;500000;9563620792;S
20240208;100108;0.024760000;1000000;9563620793;S
20240208;100108;0.024760000;950000;9563620794;S
20240208;100108;0.024760000;20000;9563620894;S
20240208;100108;0.024765000;10000;9563620919;B
20240208;100108;0.024765000;20000;9563620920;B
20240208;100108;0.024765000;1970000;9563620921;B
20240208;100109;0.024765000;1530000;9563621133;B
20240208;100109;0.024765000;10000;9563621134;B
20240208;100109;0.024765000;10000;9563621135;B
20240208;100109;0.024765000;8450000;9563621136;B
20240208;100109;0.024765000;100000;9563621157;B
20240208;100109;0.024760000;30000;9563621198;S
20240208;100109;0.024760000;400000;9563621199;S
20240208;100109;0.024760000;2070000;9563621200;S
20240208;100110;0.024765000;10000;9563621281;B
20240208;100110;0.024765000;240000;9563621293;B
20240208;100110;0.024760000;10000;9563621387;S
20240208;100110;0.024760000;2920000;9563621431;S
20240208;100110;0.024760000;1080000;9563621432;S
20240208;100111;0.024765000;30000;9563621442;B
20240208;100111;0.024765000;120000;9563621516;B
20240208;100111;0.024765000;100000;9563621528;B
20240208;100112;0.024765000;10000;9563621631;B
20240208;100112;0.024760000;10000;9563621648;S
20240208;100112;0.024765000;500000;9563621663;B
20240208;100112;0.024765000;100000;9563621716;B
20240208;100113;0.024760000;1110000;9563621849;S
20240208;100113;0.024765000;100000;9563621919;B
20240208;100114;0.024765000;100000;9563622099;B
20240208;100115;0.024765000;10000;9563622358;B
20240208;100115;0.024760000;40000;9563622360;S
20240208;100115;0.024765000;100000;9563622383;B
20240208;100115;0.024760000;4360000;9563622485;S
20240208;100115;0.024760000;1000000;9563622486;S
20240208;100115;0.024760000;4640000;9563622487;S
20240208;100115;0.024765000;4360000;9563622554;B
20240208;100117;0.024760000;10000000;9563623113;S
20240208;100117;0.024765000;1000000;9563623115;B
20240208;100117;0.024765000;1000000;9563623122;B
20240208;100118;0.024760000;1000000;9563623416;S
20240208;100118;0.024765000;500000;9563623428;B
20240208;100119;0.024765000;10000;9563623573;B
20240208;100119;0.024765000;1000000;9563623624;B
20240208;100120;0.024760000;30000;9563623727;S
20240208;100120;0.024760000;1000000;9563623747;S
20240208;100120;0.024765000;100000;9563623765;B
20240208;100120;0.024760000;5000000;9563623809;S
20240208;100121;0.024765000;100000;9563623917;B
20240208;100121;0.024760000;70000;9563623919;S
20240208;100121;0.024760000;60000;9563624043;S
20240208;100121;0.024765000;100000;9563624113;B
20240208;100122;0.024765000;70000;9563624282;B
20240208;100122;0.024765000;1000000;9563624311;B
20240208;100122;0.024765000;100000;9563624312;B
20240208;100123;0.024760000;20000;9563624658;S
20240208;100123;0.024765000;100000;9563624672;B
20240208;100123;0.024760000;1000000;9563624739;S
20240208;100123;0.024765000;40000;9563624887;B
20240208;100124;0.024760000;10000;9563624949;S
20240208;100124;0.024765000;100000;9563625003;B
20240208;100124;0.024760000;20000;9563625126;S
20240208;100124;0.024760000;1000000;9563625178;S
20240208;100124;0.024765000;100000;9563625182;B
20240208;100124;0.024765000;190000;9563625225;B
20240208;100125;0.024765000;26160000;9563625238;B
20240208;100125;0.024765000;10000;9563625239;B
20240208;100125;0.024765000;10000;9563625240;B
20240208;100125;0.024765000;1000000;9563625241;B
20240208;100125;0.024765000;10000;9563625242;B
20240208;100125;0.024765000;20000;9563625243;B
20240208;100125;0.024765000;100000;9563625244;B
20240208;100125;0.024770000;20000;9563625245;B
20240208;100125;0.024770000;90000;9563625246;B
20240208;100125;0.024770000;250000;9563625247;B
20240208;100125;0.024770000;20000;9563625248;B
20240208;100125;0.024770000;10000;9563625249;B
20240208;100125;0.024770000;10000;9563625250;B
20240208;100125;0.024770000;470000;9563625251;B
20240208;100125;0.024770000;10000000;9563625252;B
20240208;100125;0.024770000;160000;9563625253;B
20240208;100125;0.024770000;40000;9563625254;B
20240208;100125;0.024770000;1000000;9563625255;B
20240208;100125;0.024770000;12160000;9563625256;B
20240208;100125;0.024770000;10000;9563625257;B
20240208;100125;0.024770000;4060000;9563625258;B
20240208;100125;0.024775000;40000;9563625259;B
20240208;100125;0.024775000;20000;9563625260;B
20240208;100125;0.024775000;200000;9563625261;B
20240208;100125;0.024775000;18680000;9563625262;B
20240208;100125;0.024770000;5000000;9563625263;B
20240208;100125;0.024770000;100000;9563625325;B
20240208;100125;0.024770000;210000;9563625415;B
20240208;100125;0.024770000;6850000;9563625416;B
20240208;100125;0.024770000;4060000;9563625417;B
20240208;100125;0.024770000;27000000;9563625418;B
20240208;100125;0.024775000;81320000;9563625419;B
20240208;100125;0.024775000;2000000;9563625420;B
20240208;100125;0.024775000;10000;9563625421;B
20240208;100125;0.024775000;10000;9563625422;B
20240208;100125;0.024775000;2000000;9563625423;B
20240208;100125;0.024775000;50000;9563625424;B
20240208;100125;0.024775000;30000;9563625425;B
20240208;100125;0.024775000;1000000;9563625426;B
20240208;100125;0.024775000;4790000;9563625427;B
20240208;100125;0.024775000;1000000;9563625428;B
20240208;100125;0.024775000;2000000;9563625429;B
20240208;100125;0.024780000;20000;9563625430;B
20240208;100125;0.024780000;100000;9563625431;B
20240208;100125;0.024780000;600000;9563625432;B
20240208;100125;0.024780000;1000000;9563625433;B
20240208;100125;0.024780000;2000000;9563625434;B
20240208;100125;0.024780000;10000;9563625435;B
20240208;100125;0.024780000;10000;9563625436;B
20240208;100125;0.024780000;1000000;9563625437;B
20240208;100125;0.024780000;10000;9563625438;B
20240208;100125;0.024780000;6000000;9563625439;B
20240208;100125;0.024780000;95380000;9563625440;B
20240208;100125;0.024780000;480000;9563625441;B
20240208;100125;0.024780000;1000000;9563625442;B
20240208;100125;0.024780000;3900000;9563625443;B
20240208;100125;0.024780000;1000000;9563625444;B
20240208;100125;0.024780000;10000;9563625445;B
20240208;100125;0.024780000;1500000;9563625446;B
20240208;100125;0.024780000;12110000;9563625447;B
20240208;100125;0.024785000;20000;9563625448;B
20240208;100125;0.024785000;30000;9563625449;B
20240208;100125;0.024785000;90000;9563625450;B
20240208;100125;0.024785000;250000;9563625451;B
20240208;100125;0.024785000;10000;9563625452;B
20240208;100125;0.024785000;1000000;9563625453;B
20240208;100125;0.024785000;10000;9563625454;B
20240208;100125;0.024785000;20000;9563625455;B
20240208;100125;0.024785000;10000;9563625456;B
20240208;100125;0.024785000;6000000;9563625457;B
20240208;100125;0.024785000;1000000;9563625458;B
20240208;100125;0.024785000;1000000;9563625459;B
20240208;100125;0.024785000;20000;9563625460;B
20240208;100125;0.024790000;600000;9563625461;B
20240208;100125;0.024790000;10000;9563625462;B
20240208;100125;0.024790000;20000;9563625463;B
20240208;100125;0.024790000;50000;9563625464;B
20240208;100125;0.024790000;100000;9563625465;B
20240208;100125;0.024790000;110000;9563625466;B
20240208;100125;0.024790000;1000000;9563625467;B
20240208;100125;0.024790000;10000;9563625468;B
20240208;100125;0.024790000;1000000;9563625469;B
20240208;100125;0.024790000;5000000;9563625470;B
20240208;100125;0.024790000;10000;9563625471;B
20240208;100125;0.024790000;10000;9563625472;B
20240208;100125;0.024790000;6000000;9563625473;B
20240208;100125;0.024790000;1000000;9563625474;B
20240208;100125;0.024790000;1000000;9563625475;B
20240208;100125;0.024790000;40000;9563625476;B
20240208;100125;0.024790000;10000;9563625477;B
20240208;100125;0.024790000;5520000;9563625478;B
20240208;100125;0.024795000;400000;9563625479;B
20240208;100125;0.024795000;10000;9563625480;B
20240208;100125;0.024795000;20000;9563625481;B
20240208;100125;0.024795000;20000;9563625482;B
20240208;100125;0.024795000;10000;9563625483;B
20240208;100125;0.024795000;10000;9563625484;B
20240208;100125;0.024795000;20000;9563625485;B
20240208;100125;0.024795000;3000000;9563625486;B
20240208;100125;0.024795000;20000;9563625487;B
20240208;100125;0.024795000;20000;9563625488;B
20240208;100125;0.024795000;20000000;9563625489;B
20240208;100125;0.024795000;10000;9563625490;B
20240208;100125;0.024795000;5520000;9563625491;B
20240208;100125;0.024795000;2000000;9563625492;B
20240208;100125;0.024795000;6000000;9563625493;B
20240208;100125;0.024795000;10000000;9563625494;B
20240208;100125;0.024795000;1000000;9563625495;B
20240208;100125;0.024795000;1000000;9563625496;B
20240208;100125;0.024795000;400000;9563625497;B
20240208;100125;0.024795000;490000;9563625498;B
20240208;100125;0.024795000;10000;9563625499;B
20240208;100125;0.024795000;18000000;9563625500;B
20240208;100125;0.024795000;100000;9563625501;B
20240208;100125;0.024795000;20000;9563625502;B
20240208;100125;0.024800000;10000000;9563625503;B
20240208;100125;0.024800000;20000;9563625504;B
20240208;100125;0.024800000;10000;9563625505;B
20240208;100125;0.024800000;20000;9563625506;B
20240208;100125;0.024800000;1230000;9563625507;B
20240208;100125;0.024800000;100000;9563625508;B
20240208;100125;0.024800000;100000;9563625509;B
20240208;100125;0.024800000;3070000;9563625510;B
20240208;100125;0.024800000;10000;9563625511;B
20240208;100125;0.024800000;500000;9563625512;B
20240208;100125;0.024800000;10000;9563625513;B
20240208;100125;0.024800000;150000;9563625514;B
20240208;100125;0.024800000;40000;9563625515;B
20240208;100125;0.024800000;500000;9563625516;B
20240208;100125;0.024800000;50000;9563625517;B
20240208;100125;0.024800000;110000;9563625518;B
20240208;100125;0.024800000;2000000;9563625519;B
20240208;100125;0.024800000;20000;9563625520;B
20240208;100125;0.024800000;20000;9563625521;B
20240208;100125;0.024800000;40000;9563625522;B
20240208;100125;0.024800000;10000;9563625523;B
20240208;100125;0.024800000;250000;9563625524;B
20240208;100125;0.024800000;1500000;9563625525;B
20240208;100125;0.024800000;2000000;9563625526;B
20240208;100125;0.024800000;500000;9563625527;B
20240208;100125;0.024800000;100000;9563625528;B
20240208;100125;0.024800000;1000000;9563625529;B
20240208;100125;0.024800000;10000;9563625530;B
20240208;100125;0.024800000;1400000;9563625531;B
20240208;100125;0.024800000;2000000;9563625532;B
20240208;100125;0.024800000;20000;9563625533;B
20240208;100125;0.024800000;400000;9563625534;B
20240208;100125;0.024800000;10000;9563625535;B
20240208;100125;0.024800000;10000;9563625536;B
20240208;100125;0.024800000;1000000;9563625537;B
20240208;100125;0.024800000;10000;9563625538;B
20240208;100125;0.024800000;500000;9563625539;B
20240208;100125;0.024800000;200000;9563625540;B
20240208;100125;0.024800000;5520000;9563625541;B
20240208;100125;0.024800000;10000;9563625542;B
20240208;100125;0.024800000;80000000;9563625543;B
20240208;100125;0.024800000;10000;9563625544;B
20240208;100125;0.024800000;6000000;9563625545;B
20240208;100125;0.024800000;1000000;9563625546;B
20240208;100125;0.024800000;5120000;9563625547;B
20240208;100125;0.024800000;520000;9563625548;B
20240208;100125;0.024800000;10000;9563625549;B
20240208;100125;0.024800000;670000;9563625550;B
20240208;100125;0.024800000;100000;9563625551;B
20240208;100125;0.024800000;1000000;9563625552;B
20240208;100125;0.024800000;100000000;9563625553;B
20240208;100125;0.024805000;20000;9563625554;B
20240208;100125;0.024805000;10000000;9563625555;B
20240208;100125;0.024805000;100000;9563625556;B
20240208;100125;0.024805000;10000;9563625557;B
20240208;100125;0.024805000;5520000;9563625558;B
20240208;100125;0.024805000;6000000;9563625559;B
20240208;100125;0.024805000;1000000;9563625560;B
20240208;100125;0.024805000;2100000;9563625561;B
20240208;100125;0.024805000;40000000;9563625562;B
20240208;100125;0.024810000;800000;9563625563;B
20240208;100125;0.024810000;1100000;9563625564;B
20240208;100125;0.024810000;90000;9563625565;B
20240208;100125;0.024810000;100000;9563625566;B
20240208;100125;0.024810000;800000;9563625567;B
20240208;100125;0.024810000;10000;9563625568;B
20240208;100125;0.024810000;5520000;9563625569;B
20240208;100125;0.024810000;6000000;9563625570;B
20240208;100125;0.024810000;40000;9563625571;B
20240208;100125;0.024810000;520000;9563625572;B
20240208;100125;0.024810000;1000000;9563625573;B
20240208;100125;0.024810000;7500000;9563625574;B
20240208;100125;0.024815000;130000;9563625575;B
20240208;100125;0.024815000;10000;9563625576;B
20240208;100125;0.024815000;1860000;9563625577;B
20240208;100125;0.024810000;5000000;9563625578;S
20240208;100125;0.024810000;100000;9563625579;S
20240208;100125;0.024815000;140000;9563625583;B
20240208;100125;0.024815000;860000;9563625584;B
20240208;100125;0.024810000;100000;9563625585;S
20240208;100125;0.024815000;6000000;9563625587;B
20240208;100125;0.024810000;5000000;9563625593;S
20240208;100125;0.024810000;100000;9563625594;S
20240208;100125;0.024815000;5000000;9563625595;B
20240208;100125;0.024815000;3140000;9563625596;B
20240208;100125;0.024815000;2400000;9563625597;B
20240208;100125;0.024815000;100000;9563625603;S
20240208;100125;0.024815000;100000;9563625605;S
20240208;100125;0.024815000;100000;9563625606;S
20240208;100125;0.024820000;10000;9563625607;B
20240208;100125;0.024820000;250000;9563625608;B
20240208;100125;0.024820000;100000;9563625609;B
20240208;100125;0.024820000;640000;9563625610;B
20240208;100125;0.024815000;10000;9563625630;S
20240208;100125;0.024820000;2000000;9563625637;B
20240208;100125;0.024815000;100000;9563625641;S
20240208;100125;0.024815000;40000;9563625652;S
20240208;100125;0.024815000;10000;9563625653;S
20240208;100125;0.024815000;390000;9563625654;S
20240208;100125;0.024820000;6000000;9563625655;B
20240208;100125;0.024815000;4010000;9563625656;S
20240208;100125;0.024815000;300000;9563625657;S
20240208;100125;0.024815000;10000;9563625658;S
20240208;100125;0.024815000;10000;9563625691;S
20240208;100125;0.024820000;500000;9563625695;B
20240208;100125;0.024815000;280000;9563625705;S
20240208;100125;0.024815000;50000;9563625706;S
20240208;100125;0.024815000;1000000;9563625707;S
20240208;100125;0.024815000;1670000;9563625708;S
20240208;100126;0.024820000;230000;9563625713;B
20240208;100126;0.024820000;630000;9563625721;B
20240208;100126;0.024820000;70000;9563625722;B
20240208;100126;0.024815000;10000;9563625723;S
20240208;100126;0.024815000;10000;9563625724;S
20240208;100126;0.024820000;930000;9563625730;B
20240208;100126;0.024820000;10000;9563625731;B
20240208;100126;0.024820000;40000;9563625732;B
20240208;100126;0.024820000;4020000;9563625733;B
20240208;100126;0.024815000;250000;9563625734;S
20240208;100126;0.024815000;100000;9563625735;S
20240208;100126;0.024820000;5980000;9563625736;B
20240208;100126;0.024820000;10000;9563625737;B
20240208;100126;0.024820000;4010000;9563625738;B
20240208;100126;0.024815000;20000;9563625752;S
20240208;100126;0.024815000;5130000;9563625753;S
20240208;100126;0.024815000;6000000;9563625754;S
20240208;100126;0.024815000;1000000;9563625755;S
20240208;100126;0.024810000;6760000;9563625756;S
20240208;100126;0.024810000;50000;9563625757;S
20240208;100126;0.024815000;10000;9563625761;S
20240208;100126;0.024815000;10000;9563625762;S
20240208;100126;0.024815000;980000;9563625763;S
20240208;100126;0.024815000;1020000;9563625764;S
20240208;100126;0.024815000;40000;9563625766;S
20240208;100126;0.024820000;650000;9563625767;B
20240208;100126;0.024820000;20000;9563625768;B
20240208;100126;0.024815000;40000;9563625769;S
20240208;100126;0.024820000;100000;9563625770;B
20240208;100126;0.024815000;50000;9563625772;S
20240208;100126;0.024815000;350000;9563625777;S
20240208;100126;0.024815000;90000;9563625778;S
20240208;100126;0.024820000;7330000;9563625779;B
20240208;100126;0.024820000;60000;9563625780;B
20240208;100126;0.024825000;10000;9563625781;B
20240208;100126;0.024825000;100000;9563625782;B
20240208;100126;0.024825000;80000;9563625783;B
20240208;100126;0.024825000;80000;9563625784;B
20240208;100126;0.024825000;2000000;9563625785;B
20240208;100126;0.024825000;10000;9563625786;B
20240208;100126;0.024825000;10000;9563625787;B
20240208;100126;0.024825000;50000;9563625788;B
20240208;100126;0.024825000;540000;9563625789;B
20240208;100126;0.024825000;3000000;9563625790;B
20240208;100126;0.024830000;10000;9563625791;B
20240208;100126;0.024830000;10000;9563625792;B
20240208;100126;0.024830000;10000;9563625793;B
20240208;100126;0.024830000;20000;9563625794;B
20240208;100126;0.024830000;10000;9563625795;B
20240208;100126;0.024830000;50000;9563625796;B
20240208;100126;0.024830000;10000;9563625797;B
20240208;100126;0.024830000;10000;9563625798;B
20240208;100126;0.024830000;1000000;9563625799;B
20240208;100126;0.024830000;40000;9563625800;B
20240208;100126;0.024830000;560000;9563625801;B
20240208;100126;0.024830000;440000;9563625802;B
20240208;100126;0.024835000;1960000;9563625803;B
20240208;100126;0.024830000;5000000;9563625804;B
20240208;100126;0.024825000;3600000;9563625845;S
20240208;100126;0.024825000;2000000;9563625847;S
20240208;100126;0.024830000;7080000;9563625872;B
20240208;100126;0.024835000;2920000;9563625873;B
20240208;100126;0.024825000;1000000;9563625883;S
20240208;100126;0.024825000;1850000;9563625914;S
20240208;100126;0.024830000;10000000;9563625925;B
20240208;100126;0.024825000;220000;9563625935;S
20240208;100126;0.024825000;500000;9563625951;S
20240208;100126;0.024825000;400000;9563625952;S
20240208;100126;0.024825000;430000;9563625956;S
20240208;100126;0.024825000;40000;9563625957;S
20240208;100126;0.024825000;100000;9563625958;S
20240208;100126;0.024835000;2200000;9563625959;B
20240208;100126;0.024835000;2920000;9563625962;B
20240208;100126;0.024835000;10000;9563625963;B
20240208;100126;0.024835000;10000;9563625964;B
20240208;100126;0.024835000;4060000;9563625965;B
20240208;100126;0.024835000;3000000;9563625966;B
20240208;100126;0.024825000;10000;9563625967;S
20240208;100126;0.024835000;1000000;9563625968;B
20240208;100126;0.024825000;10000;9563625969;S
20240208;100126;0.024835000;620000;9563625970;B
20240208;100126;0.024825000;100000;9563625971;S
20240208;100126;0.024825000;90000;9563625974;S
20240208;100126;0.024825000;50000;9563625978;S
20240208;100126;0.024825000;100000;9563625979;S
20240208;100126;0.024825000;10000;9563625980;S
20240208;100126;0.024825000;10000;9563625981;S
20240208;100126;0.024825000;150000;9563625982;S
20240208;100126;0.024825000;120000;9563625983;S
20240208;100126;0.024830000;50000;9563625984;S
20240208;100126;0.024835000;100000;9563625985;B
20240208;100126;0.024830000;160000;9563625986;S
20240208;100126;0.024835000;620000;9563625987;B
20240208;100126;0.024830000;790000;9563626005;S
20240208;100126;0.024825000;210000;9563626006;S
20240208;100126;0.024835000;1860000;9563626007;B
20240208;100126;0.024825000;80000;9563626008;S
20240208;100126;0.024825000;1900000;9563626022;S
20240208;100126;0.024835000;500000;9563626024;B
20240208;100126;0.024825000;1000000;9563626025;S
20240208;100126;0.024835000;3560000;9563626027;B
20240208;100126;0.024835000;1000000;9563626028;B
20240208;100126;0.024840000;700000;9563626029;B
20240208;100126;0.024840000;110000;9563626030;B
20240208;100126;0.024840000;100000;9563626031;B
20240208;100126;0.024840000;10000;9563626032;B
20240208;100126;0.024840000;500000;9563626033;B
20240208;100126;0.024840000;4020000;9563626034;B
20240208;100126;0.024825000;20000;9563626037;S
20240208;100126;0.024835000;4060000;9563626039;B
20240208;100126;0.024840000;2600000;9563626040;B
20240208;100126;0.024835000;10000;9563626050;B
20240208;100126;0.024825000;2000000;9563626051;S
20240208;100126;0.024825000;50000;9563626052;S
20240208;100126;0.024825000;1000000;9563626053;S
20240208;100126;0.024825000;1000000;9563626054;S
20240208;100126;0.024820000;1000000;9563626055;S
20240208;100126;0.024820000;4950000;9563626056;S
20240208;100126;0.024825000;40000;9563626061;S
20240208;100126;0.024825000;100000;9563626062;S
20240208;100126;0.024835000;620000;9563626067;B
20240208;100126;0.024830000;10000;9563626070;S
20240208;100126;0.024830000;20000;9563626072;S
20240208;100126;0.024835000;200000;9563626074;B
20240208;100126;0.024830000;10000;9563626075;S
20240208;100126;0.024830000;960000;9563626079;S
20240208;100126;0.024825000;260000;9563626080;S
20240208;100126;0.024825000;780000;9563626081;S
20240208;100126;0.024830000;1000000;9563626091;S
20240208;100126;0.024830000;2470000;9563626092;S
20240208;100126;0.024830000;10000;9563626093;S
20240208;100126;0.024835000;2250000;9563626096;B
20240208;100126;0.024835000;20000;9563626098;B
20240208;100126;0.024830000;100000;9563626101;S
20240208;100126;0.024830000;420000;9563626112;S
20240208;100126;0.024825000;80000;9563626113;S
20240208;100126;0.024835000;980000;9563626133;B
20240208;100126;0.024835000;2020000;9563626134;B
20240208;100126;0.024835000;1000000;9563626137;B
20240208;100126;0.024830000;10000;9563626141;S
20240208;100127;0.024835000;10000;9563626143;B
20240208;100127;0.024835000;40000;9563626144;B
20240208;100127;0.024830000;100000;9563626145;S
20240208;100127;0.024830000;360000;9563626152;S
20240208;100127;0.024830000;250000;9563626164;S
20240208;100127;0.024835000;10000;9563626165;B
20240208;100127;0.024835000;800000;9563626166;B
20240208;100127;0.024830000;280000;9563626171;S
20240208;100127;0.024830000;40000;9563626172;S
20240208;100127;0.024830000;460000;9563626174;S
20240208;100127;0.024820000;1490000;9563626175;S
20240208;100127;0.024820000;250000;9563626176;S
20240208;100127;0.024835000;8280000;9563626177;B
20240208;100127;0.024835000;1720000;9563626178;B
20240208;100127;0.024830000;200000;9563626179;S
20240208;100127;0.024825000;600000;9563626180;S
20240208;100127;0.024825000;400000;9563626181;S
20240208;100127;0.024820000;600000;9563626182;S
20240208;100127;0.024825000;500000;9563626187;S
20240208;100127;0.024835000;2340000;9563626190;B
20240208;100127;0.024835000;660000;9563626191;B
20240208;100127;0.024835000;340000;9563626218;B
20240208;100127;0.024835000;660000;9563626219;B
20240208;100127;0.024825000;100000;9563626265;S
20240208;100127;0.024835000;1000000;9563626273;B
20240208;100127;0.024835000;300000;9563626275;B
20240208;100127;0.024835000;700000;9563626279;B
20240208;100127;0.024825000;400000;9563626300;S
20240208;100127;0.024820000;200000;9563626301;S
20240208;100127;0.024825000;1000000;9563626302;S
20240208;100127;0.024820000;2000000;9563626303;S
20240208;100127;0.024825000;90000;9563626304;S
20240208;100127;0.024825000;910000;9563626348;S
20240208;100127;0.024820000;590000;9563626349;S
20240208;100127;0.024825000;1000000;9563626350;S
20240208;100127;0.024820000;100000;9563626354;S
20240208;100127;0.024835000;620000;9563626355;B
20240208;100127;0.024820000;290000;9563626365;S
20240208;100127;0.024820000;1000000;9563626366;S
20240208;100127;0.024820000;10000;9563626367;S
20240208;100127;0.024825000;20000;9563626369;S
20240208;100127;0.024825000;10000;9563626371;S
20240208;100127;0.024825000;20000;9563626376;S
20240208;100127;0.024825000;10000;9563626380;S
20240208;100127;0.024825000;70000;9563626383;S
20240208;100127;0.024825000;20000;9563626389;S
20240208;100127;0.024825000;200000;9563626390;S
20240208;100127;0.024825000;20000;9563626392;S
20240208;100127;0.024835000;5000000;9563626393;B
20240208;100127;0.024825000;10000;9563626413;S
20240208;100127;0.024825000;10000;9563626443;S
20240208;100127;0.024835000;4030000;9563626444;B
20240208;100127;0.024825000;610000;9563626445;S
20240208;100127;0.024820000;9390000;9563626446;S
20240208;100127;0.024835000;1000000;9563626450;B
20240208;100127;0.024835000;12160000;9563626451;B
20240208;100127;0.024835000;1840000;9563626452;B
20240208;100127;0.024820000;100000;9563626454;S
20240208;100127;0.024820000;900000;9563626455;S
20240208;100127;0.024820000;450000;9563626456;S
20240208;100127;0.024820000;100000;9563626463;S
20240208;100127;0.024820000;40000;9563626467;S
20240208;100127;0.024820000;10000;9563626475;S
20240208;100127;0.024820000;10000;9563626488;S
20240208;100127;0.024820000;10000;9563626494;S
20240208;100127;0.024820000;400000;9563626522;S
20240208;100127;0.024820000;10000;9563626525;S
20240208;100128;0.024825000;100000;9563626589;S
20240208;100128;0.024825000;40000;9563626613;S
20240208;100128;0.024825000;100000;9563626693;S
20240208;100128;0.024830000;790000;9563626694;B
20240208;100128;0.024830000;2200000;9563626705;B
20240208;100128;0.024830000;10000;9563626707;B
20240208;100128;0.024825000;100000;9563626781;S
20240208;100128;0.024830000;2200000;9563626787;B
20240208;100128;0.024825000;3250000;9563626800;S
20240208;100128;0.024825000;100000;9563626839;S
20240208;100129;0.024830000;4800000;9563626864;B
20240208;100129;0.024835000;1000000;9563626865;B
20240208;100129;0.024835000;12160000;9563626866;B
20240208;100129;0.024835000;760000;9563626867;B
20240208;100129;0.024835000;10000;9563626868;B
20240208;100129;0.024840000;26270000;9563626869;B
20240208;100129;0.024825000;10000;9563626876;S
20240208;100129;0.024835000;8220000;9563626912;B
20240208;100129;0.024835000;1000000;9563626913;B
20240208;100129;0.024840000;10780000;9563626914;B
20240208;100129;0.024825000;100000;9563626933;S
20240208;100129;0.024835000;1000000;9563627090;B
20240208;100129;0.024835000;100000;9563627120;S
20240208;100129;0.024835000;1230000;9563627128;S
20240208;100129;0.024835000;10000;9563627138;S
20240208;100129;0.024840000;5000000;9563627147;B
20240208;100130;0.024835000;100000;9563627165;S
20240208;100130;0.024835000;10000;9563627181;S
20240208;100130;0.024835000;10000;9563627182;S
20240208;100130;0.024835000;10000;9563627183;S
20240208;100130;0.024835000;10000;9563627206;S
20240208;100130;0.024840000;5550000;9563627224;B
20240208;100130;0.024840000;4000000;9563627229;B
20240208;100130;0.024840000;5550000;9563627267;B
20240208;100130;0.024835000;20000;9563627282;S
20240208;100130;0.024835000;10000;9563627292;S
20240208;100131;0.024835000;100000;9563627430;S
20240208;100131;0.024835000;1000000;9563627632;S
20240208;100132;0.024835000;10000;9563627641;S
20240208;100132;0.024835000;380000;9563627742;S
20240208;100132;0.024835000;100000;9563627743;S
20240208;100132;0.024835000;100000;9563627744;S
20240208;100132;0.024830000;1000000;9563627745;S
20240208;100132;0.024830000;920000;9563627746;S
20240208;100133;0.024830000;400000;9563628057;S
20240208;100133;0.024835000;1000000;9563628074;B
20240208;100133;0.024830000;30000;9563628078;S
20240208;100134;0.024835000;10000;9563628166;B
20240208;100134;0.024830000;10000;9563628242;S
20240208;100134;0.024835000;10000;9563628334;B
20240208;100134;0.024835000;3040000;9563628372;B
20240208;100134;0.024835000;10000;9563628373;B
20240208;100134;0.024840000;700000;9563628374;B
20240208;100135;0.024830000;4000000;9563628501;S
20240208;100135;0.024830000;190000;9563628566;S
20240208;100135;0.024830000;50000;9563628567;S
20240208;100135;0.024825000;760000;9563628568;S
20240208;100135;0.024835000;40000;9563628622;B
20240208;100135;0.024825000;10000;9563628641;S
20240208;100136;0.024835000;500000;9563628679;B
20240208;100136;0.024825000;980000;9563628840;S
20240208;100136;0.024825000;1000000;9563628841;S
20240208;100136;0.024825000;5550000;9563628842;S
20240208;100136;0.024820000;2470000;9563628843;S
20240208;100137;0.024825000;10000;9563628975;S
20240208;100137;0.024825000;990000;9563629150;S
20240208;100137;0.024820000;10000;9563629151;S
20240208;100138;0.024830000;400000;9563629273;B
20240208;100138;0.024835000;100000;9563629274;B
20240208;100138;0.024835000;260000;9563629276;B
20240208;100138;0.024835000;1000000;9563629277;B
20240208;100138;0.024840000;1240000;9563629278;B
20240208;100138;0.024835000;580000;9563629286;B
20240208;100139;0.024835000;90000;9563629467;B
20240208;100139;0.024835000;10000;9563629471;B
20240208;100139;0.024835000;320000;9563629518;B
20240208;100140;0.024840000;200000;9563629626;B
20240208;100140;0.024835000;80000;9563629650;S
20240208;100140;0.024825000;1000000;9563629651;S
20240208;100140;0.024820000;990000;9563629652;S
20240208;100140;0.024820000;130000;9563629653;S
20240208;100140;0.024835000;1000000;9563629695;B
20240208;100140;0.024840000;6500000;9563629696;B
20240208;100140;0.024825000;20000;9563629709;S
20240208;100140;0.024835000;1000000;9563629711;B
20240208;100140;0.024840000;5700000;9563629712;B
20240208;100140;0.024830000;1000000;9563629777;S
20240208;100141;0.024830000;1000000;9563629824;S
20240208;100141;0.024840000;400000;9563629933;B
20240208;100141;0.024830000;110000;9563629959;S
20240208;100142;0.024830000;2890000;9563630097;S
20240208;100142;0.024830000;1000000;9563630098;S
20240208;100142;0.024830000;700000;9563630099;S
20240208;100143;0.024825000;10000;9563630174;S
20240208;100143;0.024825000;90000;9563630175;S
20240208;100143;0.024825000;30000;9563630208;S
20240208;100143;0.024830000;5460000;9563630258;B
20240208;100143;0.024830000;20000;9563630259;B
20240208;100143;0.024835000;1000000;9563630260;B
20240208;100143;0.024835000;1580000;9563630261;B
20240208;100143;0.024840000;11940000;9563630262;B
20240208;100143;0.024835000;1000000;9563630325;B
20240208;100143;0.024835000;10000;9563630326;B
20240208;100143;0.024840000;1990000;9563630327;B
20240208;100144;0.024825000;320000;9563630420;S
20240208;100144;0.024835000;2070000;9563630443;B
20240208;100144;0.024835000;10010000;9563630517;B
20240208;100144;0.024835000;1000000;9563630518;B
20240208;100144;0.024840000;7560000;9563630519;B
20240208;100144;0.024840000;40000;9563630520;B
20240208;100144;0.024840000;4060000;9563630521;B
20240208;100144;0.024840000;50000;9563630522;B
20240208;100144;0.024840000;10000;9563630523;B
20240208;100144;0.024840000;2000000;9563630524;B
20240208;100144;0.024840000;10000;9563630525;B
20240208;100144;0.024840000;10000;9563630526;B
20240208;100144;0.024840000;27250000;9563630527;B
20240208;100144;0.024825000;1000000;9563630554;S
20240208;100144;0.024825000;10000;9563630601;S
20240208;100145;0.024825000;100000;9563630645;S
20240208;100145;0.024835000;5550000;9563630649;B
20240208;100145;0.024835000;1000000;9563630650;B
20240208;100145;0.024840000;3450000;9563630651;B
20240208;100145;0.024830000;500000;9563630711;S
20240208;100146;0.024840000;500000;9563630813;B
20240208;100146;0.024825000;4150000;9563630840;S
20240208;100146;0.024825000;1000000;9563630841;S
20240208;100146;0.024825000;400000;9563630852;S
20240208;100146;0.024825000;520000;9563630853;S
20240208;100146;0.024825000;100000;9563630881;S
20240208;100146;0.024825000;50000;9563630887;S
20240208;100147;0.024825000;330000;9563631014;S
20240208;100147;0.024820000;670000;9563631015;S
20240208;100147;0.024825000;170000;9563631035;S
20240208;100147;0.024825000;100000;9563631124;S
20240208;100147;0.024835000;1000000;9563631132;B
20240208;100147;0.024835000;500000;9563631133;B
20240208;100147;0.024840000;4500000;9563631134;B
20240208;100147;0.024835000;1000000;9563631184;B
20240208;100147;0.024840000;56300000;9563631185;B
20240208;100147;0.024840000;2400000;9563631186;B
20240208;100147;0.024840000;40000;9563631187;B
20240208;100147;0.024840000;1000000;9563631188;B
20240208;100147;0.024840000;100000;9563631189;B
20240208;100147;0.024840000;10000;9563631190;B
20240208;100147;0.024840000;24300000;9563631191;B
20240208;100147;0.024840000;1580000;9563631192;B
20240208;100147;0.024840000;80000000;9563631193;B
20240208;100147;0.024840000;6000000;9563631194;B
20240208;100147;0.024840000;50000000;9563631195;B
20240208;100147;0.024845000;10000;9563631196;B
20240208;100147;0.024845000;10000;9563631197;B
20240208;100147;0.024845000;12500000;9563631198;B
20240208;100147;0.024845000;10000;9563631199;B
20240208;100147;0.024845000;1000000;9563631200;B
20240208;100147;0.024845000;10000;9563631201;B
20240208;100147;0.024845000;1000000;9563631202;B
20240208;100147;0.024845000;10000;9563631203;B
20240208;100147;0.024845000;40000;9563631204;B
20240208;100147;0.024845000;560000;9563631205;B
20240208;100147;0.024845000;1000000;9563631206;B
20240208;100147;0.024845000;6000000;9563631207;B
20240208;100147;0.024845000;100000;9563631208;B
20240208;100147;0.024845000;12080000;9563631209;B
20240208;100147;0.024845000;1230000;9563631210;B
20240208;100148;0.024850000;10000000;9563631220;B
20240208;100148;0.024850000;10000;9563631221;B
20240208;100148;0.024850000;10000;9563631222;B
20240208;100148;0.024850000;12480000;9563631223;B
20240208;100148;0.024850000;11080000;9563631236;B
20240208;100148;0.024850000;1240000;9563631237;B
20240208;100148;0.024850000;5000000;9563631238;B
20240208;100148;0.024850000;60000;9563631239;B
20240208;100148;0.024850000;2620000;9563631240;B
20240208;100148;0.024845000;2000000;9563631247;S
20240208;100148;0.024845000;39710000;9563631248;S
20240208;100148;0.024845000;1000000;9563631249;S
20240208;100148;0.024840000;1000000;9563631250;S
20240208;100148;0.024835000;1000000;9563631251;S
20240208;100148;0.024835000;6000000;9563631252;S
20240208;100148;0.024835000;1290000;9563631253;S
20240208;100148;0.024850000;380000;9563631255;B
20240208;100148;0.024850000;20000;9563631256;B
20240208;100148;0.024850000;20000;9563631257;B
20240208;100148;0.024850000;20000;9563631258;B
20240208;100148;0.024850000;480000;9563631259;B
20240208;100148;0.024835000;1000000;9563631260;S
20240208;100148;0.024830000;1000000;9563631261;S
20240208;100148;0.024830000;6000000;9563631262;S
20240208;100148;0.024830000;5520000;9563631263;S
20240208;100148;0.024830000;21030000;9563631264;S
20240208;100148;0.024830000;12080000;9563631265;S
20240208;100148;0.024825000;730000;9563631266;S
20240208;100148;0.024825000;6000000;9563631267;S
20240208;100148;0.024825000;100000;9563631268;S
20240208;100148;0.024845000;1000000;9563631276;B
20240208;100148;0.024845000;1590000;9563631277;B
20240208;100148;0.024845000;740000;9563631278;B
20240208;100148;0.024845000;260000;9563631279;B
20240208;100148;0.024850000;360000;9563631280;B
20240208;100148;0.024845000;720000;9563631281;B
20240208;100148;0.024845000;280000;9563631284;B
20240208;100148;0.024850000;160000;9563631285;B
20240208;100148;0.024850000;470000;9563631286;B
20240208;100148;0.024850000;830000;9563631287;B
20240208;100148;0.024845000;450000;9563631289;B
20240208;100148;0.024845000;550000;9563631292;B
20240208;100148;0.024850000;450000;9563631293;B
20240208;100148;0.024835000;1000000;9563631294;S
20240208;100148;0.024830000;1470000;9563631295;S
20240208;100148;0.024835000;500000;9563631296;S
20240208;100148;0.024835000;20000;9563631297;S
20240208;100148;0.024835000;100000;9563631299;S
20240208;100148;0.024845000;150000;9563631302;B
20240208;100148;0.024845000;850000;9563631303;B
20240208;100148;0.024845000;150000;9563631305;B
20240208;100148;0.024850000;1580000;9563631306;B
20240208;100148;0.024850000;10000;9563631307;B
20240208;100148;0.024850000;4260000;9563631308;B
20240208;100148;0.024845000;1000000;9563631309;B
20240208;100148;0.024850000;3740000;9563631310;B
20240208;100148;0.024850000;4150000;9563631311;B
20240208;100148;0.024850000;1000000;9563631312;B
20240208;100148;0.024850000;500000;9563631313;B
20240208;100148;0.024850000;10000;9563631314;B
20240208;100148;0.024850000;1000000;9563631315;B
20240208;100148;0.024850000;10000;9563631316;B
20240208;100148;0.024850000;10000;9563631317;B
20240208;100148;0.024850000;1000000;9563631318;B
20240208;100148;0.024850000;40000;9563631319;B
20240208;100148;0.024850000;250000;9563631320;B
20240208;100148;0.024850000;2000000;9563631321;B
20240208;100148;0.024850000;10000;9563631322;B
20240208;100148;0.024850000;10000;9563631323;B
20240208;100148;0.024850000;270000;9563631324;B
20240208;100148;0.024845000;200000;9563631325;B
20240208;100148;0.024835000;10000;9563631326;S
20240208;100148;0.024835000;10000;9563631327;S
20240208;100148;0.024845000;10000;9563631329;B
20240208;100148;0.024845000;790000;9563631332;B
20240208;100148;0.024850000;2130000;9563631333;B
20240208;100148;0.024850000;1000000;9563631334;B
20240208;100148;0.024850000;6000000;9563631335;B
20240208;100148;0.024850000;170000;9563631336;B
20240208;100148;0.024855000;1500000;9563631337;B
20240208;100148;0.024855000;50000;9563631338;B
20240208;100148;0.024855000;100000;9563631339;B
20240208;100148;0.024855000;10000;9563631340;B
20240208;100148;0.024855000;10000;9563631341;B
20240208;100148;0.024855000;1000000;9563631342;B
20240208;100148;0.024855000;1000000;9563631343;B
20240208;100148;0.024855000;6000000;9563631344;B
20240208;100148;0.024855000;240000;9563631345;B
20240208;100148;0.024850000;520000;9563631346;B
20240208;100148;0.024850000;10000;9563631784;B
20240208;100148;0.024855000;770000;9563631785;B
20240208;100148;0.024830000;1000000;9563631791;S
20240208;100148;0.024830000;400000;9563631792;S
20240208;100148;0.024850000;1000000;9563631800;B
20240208;100148;0.024850000;9000000;9563631801;B
20240208;100148;0.024850000;910000;9563631802;S
20240208;100148;0.024850000;100000;9563631806;S
20240208;100148;0.024850000;50000;9563631808;S
20240208;100148;0.024855000;1800000;9563631813;B
20240208;100148;0.024855000;40000;9563631814;B
20240208;100148;0.024860000;1000000;9563631815;B
20240208;100148;0.024860000;10000;9563631816;B
20240208;100148;0.024860000;50000;9563631817;B
20240208;100148;0.024860000;60000;9563631818;B
20240208;100148;0.024860000;40000;9563631819;B
20240208;100148;0.024860000;250000;9563631820;B
20240208;100148;0.024860000;10000;9563631821;B
20240208;100148;0.024860000;1000000;9563631822;B
20240208;100148;0.024860000;300000;9563631823;B
20240208;100148;0.024860000;500000;9563631824;B
20240208;100148;0.024860000;100000;9563631825;B
20240208;100148;0.024860000;4840000;9563631826;B
20240208;100148;0.024860000;4030000;9563631834;B
20240208;100148;0.024860000;200000;9563631836;B
20240208;100148;0.024855000;210000;9563631866;S
20240208;100148;0.024855000;120000;9563631868;S
20240208;100148;0.024855000;400000;9563631873;S
20240208;100148;0.024855000;100000;9563631882;S
20240208;100148;0.024855000;170000;9563631886;S
20240208;100148;0.024855000;330000;9563631887;S
20240208;100148;0.024860000;930000;9563631888;B
20240208;100148;0.024860000;2070000;9563631889;B
20240208;100148;0.024855000;10000;9563631900;S
20240208;100148;0.024855000;30000;9563631908;S
20240208;100148;0.024855000;2500000;9563631910;S
20240208;100148;0.024855000;1160000;9563631921;S
20240208;100148;0.024855000;1000000;9563631922;S
20240208;100148;0.024850000;21680000;9563631923;S
20240208;100148;0.024855000;500000;9563631927;S
20240208;100148;0.024860000;3000000;9563631929;B
20240208;100148;0.024855000;500000;9563631937;S
20240208;100148;0.024855000;100000;9563631938;S
20240208;100148;0.024850000;4400000;9563631939;S
20240208;100149;0.024860000;3000000;9563631948;B
20240208;100149;0.024855000;600000;9563631952;S
20240208;100149;0.024860000;100000;9563631953;B
20240208;100149;0.024855000;100000;9563631963;S
20240208;100149;0.024855000;10000;9563631966;S
20240208;100149;0.024855000;290000;9563631967;S
20240208;100149;0.024850000;710000;9563631968;S
20240208;100149;0.024860000;11830000;9563631969;B
20240208;100149;0.024860000;1000000;9563631970;B
20240208;100149;0.024860000;10000;9563631971;B
20240208;100149;0.024865000;10000;9563631972;B
20240208;100149;0.024865000;10000;9563631973;B
20240208;100149;0.024865000;10000;9563631974;B
20240208;100149;0.024865000;10000;9563631975;B
20240208;100149;0.024865000;10000;9563631976;B
20240208;100149;0.024865000;20000;9563631977;B
20240208;100149;0.024865000;10000;9563631978;B
20240208;100149;0.024865000;10000;9563631979;B
20240208;100149;0.024865000;6950000;9563631980;B
20240208;100149;0.024865000;5000000;9563631981;B
20240208;100149;0.024865000;1000000;9563631982;B
20240208;100149;0.024870000;10000;9563631983;B
20240208;100149;0.024870000;10000;9563631984;B
20240208;100149;0.024870000;2000000;9563631985;B
20240208;100149;0.024870000;10000;9563631986;B
20240208;100149;0.024870000;250000;9563631987;B
20240208;100149;0.024870000;250000;9563631988;B
20240208;100149;0.024870000;990000;9563631989;B
20240208;100149;0.024860000;340000;9563631996;B
20240208;100149;0.024860000;230000;9563631997;B
20240208;100149;0.024870000;310000;9563631998;B
20240208;100149;0.024870000;30000;9563631999;B
20240208;100149;0.024870000;1000000;9563632000;B
20240208;100149;0.024870000;10000;9563632001;B
20240208;100149;0.024870000;1180000;9563632002;B
20240208;100149;0.024870000;2740000;9563632005;B
20240208;100149;0.024870000;620000;9563632008;B
20240208;100149;0.024860000;10000;9563632009;B
20240208;100149;0.024870000;490000;9563632010;B
20240208;100149;0.024870000;620000;9563632012;B
20240208;100149;0.024870000;620000;9563632015;B
20240208;100149;0.024855000;150000;9563632016;S
20240208;100149;0.024870000;730000;9563632017;B
20240208;100149;0.024870000;40000;9563632018;B
20240208;100149;0.024870000;2230000;9563632019;B
20240208;100149;0.024870000;500000;9563632020;B
20240208;100149;0.024870000;2000000;9563632035;B
20240208;100149;0.024855000;850000;9563632039;S
20240208;100149;0.024855000;150000;9563632040;S
20240208;100149;0.024860000;390000;9563632042;S
20240208;100149;0.024865000;5000000;9563632056;S
20240208;100149;0.024865000;10000;9563632059;S
20240208;100149;0.024870000;100000;9563632060;B
20240208;100149;0.024870000;3000000;9563632062;B
20240208;100149;0.024865000;500000;9563632069;S
20240208;100149;0.024870000;50000;9563632072;B
20240208;100149;0.024870000;40000;9563632073;B
20240208;100149;0.024860000;40000;9563632074;S
20240208;100149;0.024860000;570000;9563632137;S
20240208;100149;0.024860000;430000;9563632138;S
20240208;100149;0.024870000;500000;9563632142;B
20240208;100149;0.024870000;50000;9563632143;B
20240208;100149;0.024870000;3000000;9563632146;B
20240208;100149;0.024870000;100000;9563632158;B
20240208;100149;0.024870000;500000;9563632164;B
20240208;100149;0.024875000;10000;9563632165;B
20240208;100149;0.024875000;60000;9563632166;B
20240208;100149;0.024875000;10000;9563632167;B
20240208;100149;0.024875000;1000000;9563632168;B
20240208;100149;0.024875000;10000;9563632169;B
20240208;100149;0.024875000;1000000;9563632170;B
20240208;100149;0.024875000;410000;9563632171;B
20240208;100149;0.024860000;130000;9563632172;S
20240208;100149;0.024870000;50000;9563632173;B
20240208;100149;0.024870000;620000;9563632174;B
20240208;100149;0.024870000;3720000;9563632175;B
20240208;100149;0.024870000;1280000;9563632176;B
20240208;100149;0.024870000;200000;9563632177;B
20240208;100149;0.024870000;1240000;9563632178;B
20240208;100149;0.024870000;540000;9563632179;B
20240208;100149;0.024870000;1800000;9563632180;B
20240208;100149;0.024875000;50000;9563632181;B
20240208;100149;0.024875000;1000000;9563632182;B
20240208;100149;0.024880000;10000;9563632183;B
20240208;100149;0.024880000;10000;9563632184;B
20240208;100149;0.024880000;50000;9563632185;B
20240208;100149;0.024880000;100000;9563632186;B
20240208;100149;0.024880000;10000;9563632187;B
20240208;100149;0.024880000;80000;9563632188;B
20240208;100149;0.024880000;10000;9563632189;B
20240208;100149;0.024880000;40000;9563632190;B
20240208;100149;0.024880000;10000;9563632191;B
20240208;100149;0.024880000;330000;9563632192;B
20240208;100149;0.024880000;620000;9563632193;B
20240208;100149;0.024880000;1000000;9563632194;B
20240208;100149;0.024880000;1150000;9563632195;B
20240208;100149;0.024875000;620000;9563632197;B
20240208;100149;0.024875000;150000;9563632198;B
20240208;100149;0.024875000;620000;9563632199;B
20240208;100149;0.024875000;620000;9563632200;B
20240208;100149;0.024875000;310000;9563632201;B
20240208;100149;0.024875000;300000;9563632202;B
20240208;100149;0.024875000;1000000;9563632203;B
20240208;100149;0.024880000;4000000;9563632204;B
20240208;100149;0.024880000;100000;9563632224;B
20240208;100149;0.024875000;1240000;9563632227;B
20240208;100149;0.024865000;20000;9563632260;S
20240208;100149;0.024875000;320000;9563632261;B
20240208;100149;0.024875000;440000;9563632262;B
20240208;100149;0.024875000;180000;9563632263;B
20240208;100149;0.024880000;100000;9563632286;B
20240208;100149;0.024870000;110000;9563632314;S
20240208;100149;0.024880000;100000;9563632315;B
20240208;100149;0.024870000;10000;9563632317;S
20240208;100149;0.024880000;1240000;9563632318;B
20240208;100149;0.024880000;620000;9563632319;B
20240208;100149;0.024880000;740000;9563632320;B
20240208;100149;0.024880000;1000000;9563632321;B
20240208;100149;0.024880000;10000;9563632322;B
20240208;100149;0.024880000;1000000;9563632323;B
20240208;100149;0.024880000;350000;9563632324;B
20240208;100149;0.024880000;620000;9563632325;B
20240208;100149;0.024880000;620000;9563632326;B
20240208;100149;0.024875000;400000;9563632327;S
20240208;100149;0.024880000;1240000;9563632328;B
20240208;100149;0.024880000;1860000;9563632329;B
20240208;100149;0.024880000;620000;9563632330;B
20240208;100149;0.024880000;210000;9563632331;B
20240208;100149;0.024880000;1030000;9563632332;B
20240208;100149;0.024880000;620000;9563632333;B
20240208;100149;0.024880000;2480000;9563632334;B
20240208;100149;0.024880000;100000;9563632335;B
20240208;100149;0.024880000;1200000;9563632337;B
20240208;100149;0.024880000;570000;9563632338;B
20240208;100149;0.024880000;100000;9563632339;B
20240208;100149;0.024880000;1000000;9563632340;B
20240208;100149;0.024880000;810000;9563632341;B
20240208;100149;0.024880000;640000;9563632342;B
20240208;100149;0.024880000;620000;9563632345;B
20240208;100149;0.024880000;2930000;9563632346;B
20240208;100149;0.024880000;70000;9563632347;B
20240208;100149;0.024880000;1130000;9563632349;B
20240208;100149;0.024880000;10000;9563632350;B
20240208;100149;0.024880000;100000;9563632351;B
20240208;100149;0.024880000;310000;9563632352;B
20240208;100149;0.024880000;620000;9563632353;B
20240208;100149;0.024880000;620000;9563632354;B
20240208;100149;0.024880000;20000;9563632355;B
20240208;100149;0.024880000;620000;9563632356;B
20240208;100149;0.024880000;70000;9563632357;B
20240208;100149;0.024880000;620000;9563632358;B
20240208;100150;0.024875000;100000;9563632359;S
20240208;100150;0.024875000;120000;9563632364;S
20240208;100150;0.024875000;360000;9563632365;S
20240208;100150;0.024880000;320000;9563632368;B
20240208;100150;0.024880000;1240000;9563632375;B
20240208;100150;0.024875000;880000;9563632377;S
20240208;100150;0.024875000;290000;9563632378;S
20240208;100150;0.024880000;620000;9563632383;B
20240208;100150;0.024880000;200000;9563632391;B
20240208;100150;0.024885000;10000;9563632400;B
20240208;100150;0.024885000;250000;9563632401;B
20240208;100150;0.024885000;20000;9563632402;B
20240208;100150;0.024885000;1000000;9563632403;B
20240208;100150;0.024885000;10000;9563632404;B
20240208;100150;0.024885000;1190000;9563632405;B
20240208;100150;0.024875000;1520000;9563632409;S
20240208;100150;0.024875000;260000;9563632410;S
20240208;100150;0.024875000;1000000;9563632411;S
20240208;100150;0.024875000;60000;9563632412;S
20240208;100150;0.024870000;160000;9563632413;S
20240208;100150;0.024880000;100000;9563632417;S
20240208;100150;0.024885000;840000;9563632427;B
20240208;100150;0.024880000;100000;9563632428;S
20240208;100150;0.024885000;40000;9563632432;B
20240208;100150;0.024885000;620000;9563632437;B
20240208;100150;0.024885000;160000;9563632438;B
20240208;100150;0.024885000;60000;9563632439;B
20240208;100150;0.024885000;800000;9563632443;B
20240208;100150;0.024885000;620000;9563632445;B
20240208;100150;0.024885000;620000;9563632446;B
20240208;100150;0.024885000;100000;9563632447;B
20240208;100150;0.024885000;300000;9563632451;B
20240208;100150;0.024885000;170000;9563632452;B
20240208;100150;0.024885000;30000;9563632453;B
20240208;100150;0.024885000;1240000;9563632454;B
20240208;100150;0.024885000;2480000;9563632460;B
20240208;100150;0.024885000;620000;9563632461;B
20240208;100150;0.024885000;310000;9563632462;B
20240208;100150;0.024880000;200000;9563632463;S
20240208;100150;0.024880000;300000;9563632464;S
20240208;100150;0.024880000;620000;9563632465;S
20240208;100150;0.024875000;880000;9563632466;S
20240208;100150;0.024885000;1000000;9563632467;B
20240208;100150;0.024885000;320000;9563632468;B
20240208;100150;0.024885000;1000000;9563632469;B
20240208;100150;0.024885000;240000;9563632470;B
20240208;100150;0.024885000;780000;9563632471;B
20240208;100150;0.024885000;1800000;9563632472;B
20240208;100150;0.024885000;620000;9563632473;B
20240208;100150;0.024885000;920000;9563632474;B
20240208;100150;0.024885000;1240000;9563632475;B
20240208;100150;0.024885000;3720000;9563632476;B
20240208;100150;0.024885000;620000;9563632477;B
20240208;100150;0.024885000;300000;9563632478;B
20240208;100150;0.024885000;70000;9563632479;B
20240208;100150;0.024885000;1240000;9563632487;B
20240208;100150;0.024885000;510000;9563632488;B
20240208;100150;0.024885000;570000;9563632489;B
20240208;100150;0.024885000;250000;9563632490;B
20240208;100150;0.024885000;1240000;9563632492;B
20240208;100150;0.024885000;620000;9563632493;B
20240208;100150;0.024880000;200000;9563632494;S
20240208;100150;0.024885000;1240000;9563632495;B
20240208;100150;0.024885000;1240000;9563632496;B
20240208;100150;0.024885000;360000;9563632498;B
20240208;100150;0.024885000;260000;9563632499;B
20240208;100150;0.024885000;620000;9563632500;B
20240208;100150;0.024885000;120000;9563632501;B
20240208;100150;0.024885000;500000;9563632502;B
20240208;100150;0.024885000;620000;9563632503;B
20240208;100150;0.024885000;620000;9563632504;B
20240208;100150;0.024885000;130000;9563632505;B
20240208;100150;0.024885000;2000000;9563632506;B
20240208;100150;0.024885000;620000;9563632507;B
20240208;100150;0.024885000;300000;9563632508;B
20240208;100150;0.024885000;620000;9563632509;B
20240208;100150;0.024885000;2700000;9563632510;B
20240208;100150;0.024885000;1000000;9563632511;B
20240208;100150;0.024890000;10000;9563632513;B
20240208;100150;0.024890000;610000;9563632514;B
20240208;100150;0.024885000;100000;9563632517;S
20240208;100150;0.024890000;870000;9563632518;B
20240208;100150;0.024890000;1240000;9563632519;B
20240208;100150;0.024885000;500000;9563632520;S
20240208;100150;0.024885000;500000;9563632521;S
20240208;100150;0.024880000;900000;9563632522;S
20240208;100150;0.024880000;10000;9563632523;S
20240208;100150;0.024880000;90000;9563632524;S
20240208;100150;0.024885000;100000;9563632525;B
20240208;100150;0.024890000;1140000;9563632526;B
20240208;100150;0.024880000;100000;9563632527;S
20240208;100150;0.024890000;90000;9563632528;B
20240208;100150;0.024890000;290000;9563632529;B
20240208;100150;0.024890000;1860000;9563632530;B
20240208;100150;0.024885000;500000;9563632532;B
20240208;100150;0.024890000;120000;9563632533;B
20240208;100150;0.024885000;100000;9563632536;B
20240208;100150;0.024885000;400000;9563632537;B
20240208;100150;0.024890000;120000;9563632538;B
20240208;100150;0.024885000;100000;9563632539;B
20240208;100150;0.024890000;520000;9563632540;B
20240208;100150;0.024890000;480000;9563632541;B
20240208;100150;0.024890000;3100000;9563632542;B
20240208;100150;0.024890000;1240000;9563632543;B
20240208;100150;0.024885000;100000;9563632547;B
20240208;100150;0.024890000;830000;9563632548;B
20240208;100150;0.024890000;400000;9563632549;B
20240208;100150;0.024885000;100000;9563632551;B
20240208;100150;0.024885000;400000;9563632552;B
20240208;100150;0.024885000;220000;9563632553;B
20240208;100150;0.024885000;480000;9563632554;B
20240208;100150;0.024885000;140000;9563632555;B
20240208;100150;0.024880000;430000;9563632556;S
20240208;100150;0.024880000;2570000;9563632557;S
20240208;100150;0.024885000;60000;9563632559;B
20240208;100150;0.024885000;300000;9563632560;B
20240208;100150;0.024885000;640000;9563632561;B
20240208;100150;0.024885000;500000;9563632562;B
20240208;100150;0.024885000;560000;9563632563;B
20240208;100150;0.024885000;60000;9563632564;B
20240208;100150;0.024885000;40000;9563632567;B
20240208;100150;0.024885000;100000;9563632568;B
20240208;100150;0.024890000;160000;9563632569;B
20240208;100150;0.024890000;620000;9563632571;B
20240208;100150;0.024890000;10000;9563632574;B
20240208;100150;0.024890000;1240000;9563632575;B
20240208;100150;0.024890000;1240000;9563632576;B
20240208;100150;0.024890000;620000;9563632580;B
20240208;100150;0.024890000;300000;9563632583;B
20240208;100150;0.024885000;10000;9563632584;S
20240208;100150;0.024890000;680000;9563632585;B
20240208;100150;0.024890000;1860000;9563632588;B
20240208;100150;0.024890000;1240000;9563632589;B
20240208;100150;0.024890000;3100000;9563632593;B
20240208;100150;0.024890000;620000;9563632597;B
20240208;100150;0.024885000;50000;9563632598;S
20240208;100150;0.024890000;150000;9563632599;B
20240208;100150;0.024885000;400000;9563632601;S
20240208;100150;0.024880000;960000;9563632602;S
20240208;100150;0.024890000;620000;9563632606;B
20240208;100150;0.024890000;620000;9563632616;B
20240208;100150;0.024890000;1000000;9563632618;B
20240208;100150;0.024880000;470000;9563632620;S
20240208;100150;0.024880000;1000000;9563632621;S
20240208;100150;0.024880000;1240000;9563632622;S
20240208;100150;0.024880000;900000;9563632623;S
20240208;100150;0.024880000;1200000;9563632624;S
20240208;100150;0.024880000;190000;9563632625;S
20240208;100150;0.024890000;1240000;9563632626;B
20240208;100150;0.024890000;620000;9563632627;B
20240208;100150;0.024890000;620000;9563632628;B
20240208;100150;0.024890000;1240000;9563632631;B
20240208;100150;0.024890000;620000;9563632632;B
20240208;100150;0.024890000;620000;9563632633;B
20240208;100150;0.024880000;430000;9563632635;S
20240208;100150;0.024880000;1200000;9563632636;S
20240208;100150;0.024880000;1240000;9563632637;S
20240208;100150;0.024880000;620000;9563632638;S
20240208;100150;0.024880000;1860000;9563632639;S
20240208;100150;0.024880000;1240000;9563632640;S
20240208;100150;0.024880000;310000;9563632641;S
20240208;100150;0.024880000;960000;9563632642;S
20240208;100150;0.024880000;1000000;9563632643;S
20240208;100150;0.024875000;1120000;9563632644;S
20240208;100150;0.024875000;700000;9563632645;S
20240208;100150;0.024875000;620000;9563632646;S
20240208;100150;0.024875000;200000;9563632647;S
20240208;100150;0.024875000;1000000;9563632648;S
20240208;100150;0.024875000;620000;9563632649;S
20240208;100150;0.024875000;1000000;9563632650;S
20240208;100150;0.024875000;1240000;9563632651;S
20240208;100150;0.024875000;1240000;9563632652;S
20240208;100150;0.024875000;1860000;9563632653;S
20240208;100150;0.024875000;620000;9563632654;S
20240208;100150;0.024875000;2480000;9563632655;S
20240208;100150;0.024875000;1240000;9563632656;S
20240208;100150;0.024875000;1240000;9563632657;S
20240208;100150;0.024875000;620000;9563632658;S
20240208;100150;0.024875000;620000;9563632659;S
20240208;100150;0.024875000;1240000;9563632660;S
20240208;100150;0.024875000;620000;9563632661;S
20240208;100150;0.024870000;120000;9563632662;S
20240208;100150;0.024870000;1000000;9563632663;S
20240208;100150;0.024870000;100000;9563632664;S
20240208;100150;0.024865000;980000;9563632665;S
20240208;100150;0.024865000;6000000;9563632666;S
20240208;100150;0.024860000;1940000;9563632667;S
20240208;100150;0.024860000;800000;9563632668;S
20240208;100150;0.024860000;1000000;9563632669;S
20240208;100150;0.024860000;3600000;9563632670;S
20240208;100150;0.024860000;15190000;9563632671;S
20240208;100150;0.024860000;6000000;9563632672;S
20240208;100150;0.024860000;12050000;9563632673;S
20240208;100150;0.024860000;5520000;9563632674;S
20240208;100150;0.024860000;1130000;9563632675;B
20240208;100150;0.024855000;20000;9563632676;S
20240208;100150;0.024855000;1000000;9563632677;S
20240208;100150;0.024850000;38980000;9563632678;S
20240208;100150;0.024860000;1600000;9563632679;B
20240208;100150;0.024855000;1000000;9563632683;S
20240208;100150;0.024855000;1200000;9563632684;B
20240208;100150;0.024855000;1240000;9563632685;B
20240208;100150;0.024855000;100000;9563632687;B
20240208;100150;0.024855000;620000;9563632689;B
20240208;100150;0.024855000;50000;9563632692;B
20240208;100150;0.024855000;310000;9563632693;B
20240208;100150;0.024855000;170000;9563632698;B
20240208;100150;0.024855000;310000;9563632699;B
20240208;100150;0.024855000;160000;9563632700;B
20240208;100150;0.024850000;1670000;9563632701;S
20240208;100150;0.024855000;620000;9563632703;B
20240208;100150;0.024855000;1200000;9563632719;B
20240208;100150;0.024855000;170000;9563632720;B
20240208;100150;0.024855000;620000;9563632721;B
20240208;100150;0.024855000;230000;9563632722;B
20240208;100150;0.024860000;1010000;9563632723;B
20240208;100150;0.024860000;620000;9563632724;B
20240208;100150;0.024860000;620000;9563632726;B
20240208;100150;0.024860000;140000;9563632727;B
20240208;100150;0.024860000;620000;9563632728;B
20240208;100150;0.024860000;620000;9563632729;B
20240208;100150;0.024860000;12200000;9563632731;B
20240208;100150;0.024865000;1000000;9563632732;B
20240208;100150;0.024865000;36800000;9563632733;B
20240208;100150;0.024865000;620000;9563632734;B
20240208;100150;0.024870000;1000000;9563632735;B
20240208;100150;0.024870000;200000;9563632736;B
20240208;100150;0.024875000;1000000;9563632737;B
20240208;100150;0.024875000;4000000;9563632738;B
20240208;100150;0.024875000;170000;9563632739;B
20240208;100150;0.024870000;1000000;9563632743;B
20240208;100150;0.024875000;860000;9563632744;B
20240208;100150;0.024870000;20000;9563632767;B
20240208;100150;0.024870000;90000;9563632768;B
20240208;100150;0.024870000;150000;9563632770;B
20240208;100150;0.024855000;40000;9563632771;S
20240208;100150;0.024870000;200000;9563632773;B
20240208;100150;0.024870000;540000;9563632774;B
20240208;100150;0.024875000;80000;9563632775;B
20240208;100150;0.024855000;960000;9563632776;S
20240208;100150;0.024850000;3170000;9563632777;S
20240208;100150;0.024860000;10000;9563632784;B
20240208;100150;0.024875000;10000;9563632785;B
20240208;100150;0.024855000;200000;9563632786;S
20240208;100150;0.024875000;880000;9563632789;B
20240208;100150;0.024875000;50000;9563632790;B
20240208;100150;0.024855000;330000;9563632793;S
20240208;100150;0.024855000;470000;9563632802;S
20240208;100150;0.024855000;50000;9563632803;S
20240208;100150;0.024850000;169030000;9563632804;S
20240208;100150;0.024850000;1000000;9563632805;S
20240208;100150;0.024850000;100000;9563632806;S
20240208;100150;0.024850000;12000000;9563632807;S
20240208;100150;0.024850000;3000000;9563632808;S
20240208;100150;0.024850000;6000000;9563632809;S
20240208;100150;0.024845000;620000;9563632810;B
20240208;100150;0.024845000;200000;9563632818;B
20240208;100150;0.024845000;100000;9563632825;B
20240208;100150;0.024840000;40000;9563632840;S
20240208;100150;0.024845000;5080000;9563632848;B
20240208;100150;0.024845000;1000000;9563632849;B
20240208;100150;0.024850000;6320000;9563632850;B
20240208;100150;0.024845000;1240000;9563632851;B
20240208;100150;0.024845000;4760000;9563632863;B
20240208;100150;0.024845000;1000000;9563632864;B
20240208;100150;0.024850000;1680000;9563632865;B
20240208;100150;0.024845000;620000;9563632878;B
20240208;100150;0.024840000;60000;9563632881;S
20240208;100150;0.024840000;1000000;9563632882;S
20240208;100150;0.024835000;8940000;9563632883;S
20240208;100150;0.024845000;430000;9563632884;B
20240208;100150;0.024845000;2480000;9563632885;B
20240208;100150;0.024835000;1000000;9563632886;S
20240208;100150;0.024835000;10000;9563632892;B
20240208;100150;0.024835000;700000;9563632893;B
20240208;100150;0.024830000;2200000;9563632895;S
20240208;100150;0.024835000;330000;9563632897;B
20240208;100150;0.024835000;620000;9563632902;B
20240208;100150;0.024835000;20000;9563632903;B
20240208;100151;0.024835000;1000000;9563632907;S
20240208;100151;0.024830000;2320000;9563632908;S
20240208;100151;0.024830000;900000;9563632909;S
20240208;100151;0.024845000;620000;9563632911;B
20240208;100151;0.024845000;620000;9563632945;B
20240208;100151;0.024845000;800000;9563632952;B
20240208;100151;0.024845000;430000;9563632954;B
20240208;100151;0.024845000;190000;9563632955;B
20240208;100151;0.024845000;620000;9563632956;B
20240208;100151;0.024845000;190000;9563632957;B
20240208;100151;0.024845000;1090000;9563632958;B
20240208;100151;0.024825000;5420000;9563632978;S
20240208;100151;0.024825000;1000000;9563632979;S
20240208;100151;0.024825000;12080000;9563632980;S
20240208;100151;0.024820000;1500000;9563632981;S
20240208;100151;0.024825000;210000;9563632982;S
20240208;100151;0.024840000;1000000;9563632984;B
20240208;100151;0.024845000;2720000;9563632985;B
20240208;100151;0.024845000;620000;9563633009;B
20240208;100151;0.024845000;620000;9563633014;B
20240208;100151;0.024840000;10000;9563633037;B
20240208;100151;0.024845000;1230000;9563633038;B
20240208;100151;0.024845000;10000;9563633043;B
20240208;100151;0.024845000;5000000;9563633044;B
20240208;100151;0.024825000;60000;9563633045;S
20240208;100151;0.024845000;500000;9563633046;B
20240208;100151;0.024845000;1200000;9563633052;B
20240208;100151;0.024825000;730000;9563633120;S
20240208;100151;0.024825000;770000;9563633121;S
20240208;100151;0.024825000;100000;9563633137;S
20240208;100151;0.024845000;1920000;9563633139;B
20240208;100151;0.024845000;1240000;9563633147;B
20240208;100151;0.024845000;620000;9563633157;B
20240208;100151;0.024845000;1240000;9563633166;B
20240208;100152;0.024845000;3000000;9563633209;B
20240208;100152;0.024840000;20000;9563633214;S
20240208;100152;0.024845000;1860000;9563633224;B
20240208;100152;0.024845000;80000;9563633226;B
20240208;100152;0.024845000;100000;9563633249;B
20240208;100152;0.024845000;960000;9563633250;B
20240208;100152;0.024845000;280000;9563633251;B
20240208;100152;0.024845000;10000;9563633267;B
20240208;100152;0.024840000;80000;9563633343;S
20240208;100152;0.024835000;1000000;9563633344;S
20240208;100152;0.024830000;1000000;9563633345;S
20240208;100152;0.024830000;1920000;9563633346;S
20240208;100152;0.024835000;30000;9563633359;S
20240208;100152;0.024845000;710000;9563633384;B
20240208;100152;0.024845000;2390000;9563633385;B
20240208;100152;0.024845000;10000;9563633394;B
20240208;100152;0.024850000;620000;9563633411;B
20240208;100152;0.024850000;30000;9563633412;B
20240208;100152;0.024850000;620000;9563633423;B
20240208;100153;0.024850000;1000000;9563633497;B
20240208;100153;0.024850000;2790000;9563633501;B
20240208;100153;0.024850000;1000000;9563633634;B
20240208;100153;0.024850000;2000000;9563633637;B
20240208;100153;0.024850000;4000000;9563633703;B
20240208;100153;0.024845000;1000000;9563633725;B
20240208;100153;0.024850000;4000000;9563633726;B
20240208;100153;0.024850000;5000000;9563633727;B
20240208;100154;0.024835000;50000;9563633824;S
20240208;100154;0.024845000;1000000;9563633913;B
20240208;100154;0.024845000;10000;9563633914;B
20240208;100154;0.024850000;18990000;9563633915;B
20240208;100154;0.024845000;620000;9563633925;B
20240208;100154;0.024845000;380000;9563633927;B
20240208;100154;0.024850000;1620000;9563633928;B
20240208;100154;0.024835000;920000;9563633936;S
20240208;100154;0.024835000;2080000;9563633937;S
20240208;100154;0.024850000;100000;9563633970;B
20240208;100154;0.024850000;10000;9563633971;B
20240208;100154;0.024850000;40000;9563633972;B
20240208;100154;0.024850000;10000;9563633973;B
20240208;100154;0.024855000;1000000;9563633974;B
20240208;100154;0.024855000;10000;9563633975;B
20240208;100154;0.024855000;20000;9563633976;B
20240208;100154;0.024855000;10000;9563633977;B
20240208;100154;0.024855000;5000000;9563633978;B
20240208;100154;0.024860000;1000000;9563633979;B
20240208;100154;0.024860000;10000;9563633980;B
20240208;100154;0.024860000;12370000;9563633981;B
20240208;100154;0.024860000;1920000;9563633982;B
20240208;100154;0.024865000;1000000;9563633983;B
20240208;100154;0.024865000;2210000;9563633984;B
20240208;100154;0.024865000;10000;9563633994;B
20240208;100154;0.024865000;10000;9563633995;B
20240208;100154;0.024865000;1030000;9563634003;S
20240208;100154;0.024865000;1000000;9563634006;S
20240208;100155;0.024865000;100000;9563634245;S
20240208;100155;0.024870000;10000;9563634307;B
20240208;100155;0.024870000;990000;9563634308;B
20240208;100155;0.024865000;10000;9563634354;S
20240208;100155;0.024865000;2840000;9563634387;S
20240208;100155;0.024865000;160000;9563634388;S
20240208;100155;0.024870000;640000;9563634435;B
20240208;100155;0.024870000;130000;9563634436;B
20240208;100155;0.024870000;10000;9563634437;B
20240208;100155;0.024870000;50000;9563634438;B
20240208;100155;0.024875000;50000;9563634439;B
20240208;100155;0.024875000;12070000;9563634440;B
20240208;100155;0.024875000;20000;9563634441;B
20240208;100155;0.024880000;1000000;9563634442;B
20240208;100155;0.024880000;5520000;9563634443;B
20240208;100155;0.024880000;10000;9563634444;B
20240208;100156;0.024885000;20000;9563634570;B
20240208;100156;0.024885000;100000;9563634610;B
20240208;100156;0.024880000;1000000;9563634612;S
20240208;100156;0.024880000;10000;9563634624;S
20240208;100156;0.024880000;10000;9563634634;S
20240208;100156;0.024885000;11940000;9563634728;B
20240208;100156;0.024885000;8500000;9563634729;B
20240208;100156;0.024890000;4000000;9563634730;B
20240208;100156;0.024890000;110000;9563634731;B
20240208;100156;0.024890000;10000;9563634732;B
20240208;100156;0.024890000;100000;9563634733;B
20240208;100156;0.024890000;3000000;9563634734;B
20240208;100156;0.024890000;22340000;9563634735;B
20240208;100157;0.024885000;30000;9563634912;S
20240208;100157;0.024890000;200000;9563634974;B
20240208;100157;0.024885000;970000;9563634975;S
20240208;100157;0.024880000;30000;9563634976;S
20240208;100157;0.024885000;50000;9563635013;B
20240208;100157;0.024880000;20000;9563635074;S
20240208;100158;0.024870000;20000;9563635155;S
20240208;100158;0.024870000;100000;9563635253;S
20240208;100158;0.024870000;430000;9563635278;S
20240208;100158;0.024870000;450000;9563635284;S
20240208;100158;0.024870000;170000;9563635285;S
20240208;100159;0.024875000;1000000;9563635350;S
20240208;100159;0.024880000;10000;9563635419;B
20240208;100159;0.024875000;250000;9563635421;S
20240208;100159;0.024875000;100000;9563635432;S
20240208;100159;0.024875000;10000;9563635465;S
20240208;100159;0.024880000;10000;9563635491;B
20240208;100159;0.024885000;490000;9563635492;B
20240208;100200;0.024870000;100000;9563635526;S
20240208;100200;0.024870000;400000;9563635579;S
20240208;100200;0.024870000;600000;9563635580;S
20240208;100200;0.024870000;820000;9563635581;S
20240208;100200;0.024885000;20000;9563635586;B
20240208;100200;0.024870000;10000;9563635592;S
20240208;100200;0.024880000;100000;9563635669;S
20240208;100200;0.024880000;10000;9563635689;S
20240208;100200;0.024885000;300000;9563635705;B
20240208;100200;0.024880000;10000;9563635707;S
20240208;100200;0.024880000;100000;9563635710;S
20240208;100200;0.024885000;250000;9563635739;B
20240208;100200;0.024880000;10000;9563635757;S
20240208;100200;0.024880000;100000;9563635758;S
20240208;100200;0.024885000;4410000;9563635761;B
20240208;100200;0.024885000;10000;9563635762;B
20240208;100200;0.024885000;10000;9563635763;B
20240208;100200;0.024885000;1000000;9563635764;B
20240208;100201;0.024890000;2000000;9563635799;B
20240208;100201;0.024885000;10000000;9563635824;S
20240208;100201;0.024885000;10000;9563635858;S
20240208;100201;0.024885000;14560000;9563635859;S
20240208;100201;0.024885000;440000;9563635860;S
20240208;100201;0.024885000;1000000;9563635874;S
20240208;100201;0.024890000;10000;9563635892;B
20240208;100201;0.024890000;30000;9563635895;B
20240208;100201;0.024885000;2560000;9563635914;S
20240208;100201;0.024880000;670000;9563635915;S
20240208;100201;0.024880000;1000000;9563635916;S
20240208;100201;0.024875000;1000000;9563635917;S
20240208;100201;0.024870000;1190000;9563635918;S
20240208;100201;0.024885000;1000000;9563635939;B
20240208;100201;0.024885000;3000000;9563635940;B
20240208;100202;0.024870000;50000;9563636146;S
20240208;100202;0.024870000;50000;9563636152;S
20240208;100202;0.024870000;50000;9563636203;S
20240208;100202;0.024870000;50000;9563636219;S
20240208;100202;0.024870000;50000;9563636260;S
20240208;100203;0.024870000;400000;9563636281;S
20240208;100203;0.024870000;350000;9563636292;S
20240208;100203;0.024870000;3100000;9563636293;S
20240208;100203;0.024870000;1050000;9563636294;S
20240208;100203;0.024875000;10000;9563636310;B
20240208;100203;0.024880000;100000;9563636311;B
20240208;100203;0.024880000;1890000;9563636312;B
20240208;100203;0.024870000;50000;9563636319;S
20240208;100203;0.024870000;50000;9563636325;S
20240208;100203;0.024870000;40000;9563636326;S
20240208;100203;0.024870000;40000;9563636328;S
20240208;100203;0.024870000;3770000;9563636380;S
20240208;100203;0.024870000;230000;9563636381;S
20240208;100203;0.024870000;40000;9563636452;S
20240208;100204;0.024870000;40000;9563636534;S
20240208;100204;0.024870000;690000;9563636658;S
20240208;100204;0.024870000;310000;9563636659;S
20240208;100204;0.024880000;630000;9563636662;B
20240208;100205;0.024875000;10000;9563636750;B
20240208;100205;0.024870000;10990000;9563636882;S
20240208;100205;0.024870000;14950000;9563636948;S
20240208;100205;0.024870000;1000000;9563636949;S
20240208;100205;0.024865000;840000;9563636950;S
20240208;100205;0.024865000;10000000;9563636951;S
20240208;100205;0.024865000;4670000;9563636952;S
20240208;100206;0.024870000;6110000;9563637303;S
20240208;100206;0.024870000;100000;9563637321;S
