<DATE>;<TIME>;<LAST>;<VOL>;<ID>;<OPER>
20240215;095952;0.024510000;10000;9600579740;B
20240215;095952;0.024510000;20000;9600579741;B
20240215;095952;0.024510000;10000;9600579742;B
20240215;095952;0.024510000;10000;9600579743;B
20240215;095952;0.024510000;40000;9600579744;S
20240215;095952;0.024510000;10000;9600579745;S
20240215;095952;0.024510000;350000;9600579746;S
20240215;095952;0.024510000;20000;9600579747;S
20240215;095952;0.024510000;20000;9600579748;S
20240215;095952;0.024510000;30000;9600579749;S
20240215;095952;0.024510000;1640000;9600579750;S
20240215;095952;0.024510000;10000;9600579751;S
20240215;095952;0.024510000;9180000;9600579752;S
20240215;095952;0.024510000;30000;9600579753;S
20240215;095952;0.024510000;50000;9600579754;S
20240215;095952;0.024510000;100000;9600579755;S
20240215;095952;0.024510000;200000;9600579756;S
20240215;095952;0.024510000;10000;9600579757;S
20240215;095952;0.024510000;800000;9600579758;S
20240215;095952;0.024510000;10000;9600579759;S
20240215;095952;0.024510000;180000;9600579760;S
20240215;095952;0.024510000;200000;9600579761;S
20240215;095952;0.024510000;10000;9600579762;S
20240215;095952;0.024510000;10000;9600579763;S
20240215;095952;0.024510000;500000;9600579764;S
20240215;095952;0.024510000;10000;9600579765;S
20240215;095952;0.024510000;20000;9600579766;S
20240215;095952;0.024510000;30000;9600579767;S
20240215;095952;0.024510000;10000;9600579768;S
20240215;095952;0.024510000;30000;9600579769;S
20240215;095952;0.024510000;500000;9600579770;S
20240215;095952;0.024510000;20000;9600579771;S
20240215;095952;0.024510000;200000;9600579772;S
20240215;095952;0.024510000;900000;9600579773;S
20240215;095952;0.024510000;10000;9600579774;B
20240215;095952;0.024510000;40000;9600579775;B
20240215;095952;0.024510000;550000;9600579776;S
20240215;095952;0.024510000;630000;9600579777;S
20240215;095952;0.024510000;10000;9600579778;B
20240215;095952;0.024510000;1090000;9600579779;S
20240215;095952;0.024510000;10000;9600579780;B
20240215;095952;0.024510000;70000;9600579781;B
20240215;095952;0.024510000;10000;9600579782;B
20240215;095952;0.024510000;10000;9600579783;B
20240215;095952;0.024510000;30000;9600579784;B
20240215;095952;0.024510000;70000;9600579785;B
20240215;095952;0.024510000;20000;9600579786;B
20240215;095952;0.024510000;10000;9600579787;B
20240215;095952;0.024510000;30000;9600579788;S
20240215;095952;0.024510000;10000;9600579789;S
20240215;095952;0.024510000;640000;9600579790;S
20240215;095952;0.024510000;10000;9600579791;S
20240215;095952;0.024510000;10000;9600579792;S
20240215;095952;0.024510000;20000;9600579793;S
20240215;095952;0.024510000;200000;9600579794;B
20240215;095952;0.024510000;10790000;9600579795;S
20240215;095952;0.024510000;100000;9600579796;S
20240215;095952;0.024510000;2880000;9600579797;B
20240215;095952;0.024510000;12900000;9600579798;B
20240215;095952;0.024510000;1000000;9600579799;B
20240215;095952;0.024510000;1450000;9600579800;S
20240215;095952;0.024510000;10000;9600579801;B
20240215;095952;0.024510000;10000;9600579802;S
20240215;095952;0.024510000;10000;9600579803;S
20240215;095952;0.024510000;50000;9600579804;S
20240215;095952;0.024510000;10000;9600579805;S
20240215;095952;0.024510000;50000;9600579806;S
20240215;095952;0.024510000;10000;9600579807;S
20240215;095952;0.024510000;10000;9600579808;S
20240215;095952;0.024510000;10000;9600579809;S
20240215;095952;0.024510000;10000;9600579810;S
20240215;095952;0.024510000;160000;9600579811;S
20240215;095952;0.024510000;10000;9600579812;S
20240215;095952;0.024510000;10000;9600579813;S
20240215;095952;0.024510000;10000;9600579814;S
20240215;095952;0.024510000;10000;9600579815;S
20240215;095952;0.024510000;10000;9600579816;S
20240215;095952;0.024510000;30000;9600579817;S
20240215;095952;0.024510000;20000;9600579818;S
20240215;095952;0.024510000;2300000;9600579819;S
20240215;095952;0.024510000;10000;9600579820;S
20240215;095952;0.024510000;10000;9600579821;S
20240215;095952;0.024510000;10000;9600579822;S
20240215;095952;0.024510000;20000;9600579823;S
20240215;095952;0.024510000;10000;9600579824;S
20240215;095952;0.024510000;40000;9600579825;S
20240215;095952;0.024510000;40000;9600579826;S
20240215;095952;0.024510000;4070000;9600579827;S
20240215;095952;0.024510000;60000;9600579828;S
20240215;095952;0.024510000;10000;9600579829;S
20240215;095952;0.024510000;1000000;9600579830;S
20240215;095952;0.024510000;700000;9600579831;S
20240215;095952;0.024510000;200000;9600579832;B
20240215;095952;0.024510000;110000;9600579833;B
20240215;095952;0.024510000;4250000;9600579834;B
20240215;095952;0.024510000;1700000;9600579835;B
20240215;095952;0.024510000;50000;9600579836;B
20240215;095952;0.024510000;2100000;9600579837;S
20240215;095952;0.024510000;10000;9600579838;B
20240215;095952;0.024510000;20000;9600579839;B
20240215;095952;0.024510000;60000;9600579840;B
20240215;095952;0.024510000;10000;9600579841;B
20240215;095952;0.024510000;1500000;9600579842;B
20240215;095952;0.024510000;10000;9600579843;B
20240215;095952;0.024510000;10000;9600579844;B
20240215;095952;0.024510000;10000;9600579845;B
20240215;100001;0.024515000;10000;9600583327;B
20240215;100001;0.024515000;10000;9600583328;B
20240215;100001;0.024515000;10000;9600583329;B
20240215;100001;0.024520000;3800000;9600583330;B
20240215;100003;0.024515000;10000;9600585486;B
20240215;100003;0.024520000;210000;9600585487;B
20240215;100003;0.024520000;4090000;9600585488;B
20240215;100003;0.024520000;1000000;9600585489;B
20240215;100003;0.024525000;9690000;9600585490;B
20240215;100003;0.024510000;10000;9600585613;S
20240215;100003;0.024510000;10000;9600585746;S
20240215;100003;0.024510000;300000;9600585829;S
20240215;100004;0.024510000;120000;9600586142;S
20240215;100005;0.024510000;1800000;9600587048;S
20240215;100005;0.024525000;10000;9600587228;B
20240215;100005;0.024510000;40000;9600587375;S
20240215;100005;0.024520000;10000;9600587379;B
20240215;100005;0.024510000;10000;9600587395;S
20240215;100005;0.024520000;20000;9600587398;B
20240215;100005;0.024520000;5000000;9600587401;B
20240215;100005;0.024510000;60000;9600587402;S
20240215;100005;0.024520000;60000;9600587406;B
20240215;100005;0.024510000;10000;9600587409;S
20240215;100005;0.024520000;10000;9600587618;B
20240215;100005;0.024520000;200000;9600587650;B
20240215;100005;0.024520000;1000000;9600587718;B
20240215;100006;0.024510000;60000;9600588054;S
20240215;100006;0.024510000;10000;9600588058;S
20240215;100006;0.024520000;50000;9600588059;B
20240215;100006;0.024520000;50000;9600588064;B
20240215;100006;0.024510000;20000;9600588070;S
20240215;100006;0.024520000;20000;9600588083;B
20240215;100006;0.024510000;10000;9600588088;S
20240215;100006;0.024520000;80000;9600588090;B
20240215;100006;0.024520000;40000;9600588098;B
20240215;100006;0.024520000;130000;9600588376;B
20240215;100006;0.024510000;10000;9600588377;S
20240215;100006;0.024520000;50000;9600588378;B
20240215;100006;0.024520000;10000;9600588379;B
20240215;100006;0.024520000;10000;9600588380;B
20240215;100006;0.024510000;40000;9600588381;S
20240215;100006;0.024520000;10000;9600588492;B
20240215;100006;0.024520000;50000;9600588509;B
20240215;100006;0.024520000;40000;9600588516;B
20240215;100006;0.024520000;20000;9600588521;B
20240215;100006;0.024520000;40000;9600588522;B
20240215;100006;0.024520000;20000;9600588534;B
20240215;100006;0.024520000;10000;9600588535;B
20240215;100006;0.024520000;480000;9600588537;B
20240215;100006;0.024510000;20000;9600588547;S
20240215;100006;0.024510000;40000;9600588548;S
20240215;100006;0.024510000;20000;9600588552;S
20240215;100006;0.024520000;10000;9600588553;B
20240215;100006;0.024520000;10000;9600588559;B
20240215;100006;0.024510000;20000;9600588560;S
20240215;100006;0.024520000;10000;9600588563;B
20240215;100006;0.024510000;1000000;9600588571;S
20240215;100006;0.024510000;50000;9600588572;S
20240215;100006;0.024520000;10000;9600588795;B
20240215;100006;0.024510000;10000;9600588799;S
20240215;100006;0.024520000;10000;9600588802;B
20240215;100006;0.024520000;410000;9600588803;B
20240215;100006;0.024510000;50000;9600588805;S
20240215;100006;0.024525000;10000;9600588806;B
20240215;100006;0.024510000;40000;9600588807;S
20240215;100006;0.024520000;10000;9600588809;B
20240215;100006;0.024520000;40000;9600588922;B
20240215;100006;0.024520000;40000;9600588934;B
20240215;100006;0.024520000;10000;9600588960;B
20240215;100006;0.024525000;10000;9600588969;B
20240215;100006;0.024510000;20000;9600588976;S
20240215;100006;0.024525000;280000;9600588978;B
20240215;100006;0.024525000;670000;9600588979;B
20240215;100006;0.024525000;100000;9600588980;B
20240215;100006;0.024525000;10000;9600588981;B
20240215;100006;0.024525000;3000000;9600588982;B
20240215;100006;0.024525000;3500000;9600588983;B
20240215;100006;0.024525000;12000000;9600588984;B
20240215;100006;0.024525000;400000;9600588985;B
20240215;100006;0.024525000;10000;9600588986;B
20240215;100006;0.024525000;1000000;9600588987;B
20240215;100006;0.024525000;10000;9600588988;B
20240215;100006;0.024525000;29020000;9600588989;B
20240215;100006;0.024510000;10000;9600588990;S
20240215;100006;0.024525000;20000;9600588991;B
20240215;100006;0.024510000;50000;9600588992;S
20240215;100006;0.024530000;10000;9600589441;B
20240215;100007;0.024530000;10000;9600589872;B
20240215;100007;0.024530000;10000;9600589873;B
20240215;100007;0.024530000;50000;9600589887;B
20240215;100007;0.024515000;10000;9600589971;S
20240215;100007;0.024530000;50000;9600589973;B
20240215;100007;0.024530000;20000;9600589975;B
20240215;100007;0.024530000;10000;9600589976;B
20240215;100007;0.024530000;100000;9600590031;B
20240215;100007;0.024515000;10000;9600590217;S
20240215;100007;0.024515000;40000;9600590438;S
20240215;100007;0.024525000;10000;9600590439;B
20240215;100007;0.024525000;30000;9600590441;B
20240215;100007;0.024525000;50000;9600590480;B
20240215;100007;0.024525000;10000;9600590481;B
20240215;100007;0.024515000;10000;9600590482;S
20240215;100007;0.024525000;50000;9600590483;B
20240215;100007;0.024515000;20000;9600590484;S
20240215;100007;0.024525000;10000;9600590509;B
20240215;100007;0.024525000;20000;9600590603;B
20240215;100007;0.024525000;10000;9600590604;B
20240215;100007;0.024525000;10000;9600590606;B
20240215;100008;0.024525000;10000;9600591185;B
20240215;100008;0.024520000;10000;9600591186;S
20240215;100008;0.024515000;10000;9600591187;S
20240215;100008;0.024515000;10000;9600591188;S
20240215;100008;0.024525000;10000;9600591189;B
20240215;100008;0.024525000;10000;9600591190;B
20240215;100008;0.024525000;10000;9600591191;B
20240215;100009;0.024530000;50000;9600591638;B
20240215;100009;0.024515000;50000;9600591639;S
20240215;100009;0.024530000;50000;9600591640;B
20240215;100009;0.024515000;20000;9600591641;S
20240215;100009;0.024525000;1800000;9600591803;B
20240215;100009;0.024530000;1650000;9600591804;B
20240215;100009;0.024530000;10000;9600591805;B
20240215;100009;0.024530000;240000;9600591806;B
20240215;100009;0.024530000;10000;9600591807;B
20240215;100009;0.024530000;10000;9600591808;B
20240215;100009;0.024530000;10000;9600591809;B
20240215;100009;0.024530000;1000000;9600591810;B
20240215;100009;0.024530000;3770000;9600591811;B
20240215;100010;0.024515000;10000;9600592194;S
20240215;100010;0.024515000;10000;9600592226;S
20240215;100010;0.024520000;10000;9600592242;B
20240215;100010;0.024515000;10000;9600592269;S
20240215;100010;0.024515000;10000;9600592277;S
20240215;100010;0.024530000;30000;9600592410;B
20240215;100010;0.024530000;550000;9600592494;B
20240215;100010;0.024530000;760000;9600592496;B
20240215;100010;0.024530000;1500000;9600592502;B
20240215;100010;0.024515000;10000;9600592514;S
20240215;100011;0.024530000;250000;9600592711;B
20240215;100011;0.024515000;10000;9600592757;S
20240215;100011;0.024530000;20000;9600592788;B
20240215;100011;0.024515000;10000;9600592855;S
20240215;100011;0.024515000;10000;9600592987;S
20240215;100011;0.024515000;10000;9600593012;S
20240215;100011;0.024515000;10000;9600593076;S
20240215;100012;0.024530000;80000;9600593328;B
20240215;100012;0.024530000;20000;9600593404;B
20240215;100012;0.024515000;40000;9600593445;S
20240215;100012;0.024515000;10000;9600593450;S
20240215;100012;0.024515000;10000;9600593460;S
20240215;100012;0.024515000;10000;9600593465;S
20240215;100012;0.024530000;10000;9600593475;B
20240215;100012;0.024530000;30000;9600593482;B
20240215;100012;0.024515000;10000;9600593633;S
20240215;100012;0.024515000;30000;9600593987;S
20240215;100012;0.024515000;10000;9600594041;S
20240215;100012;0.024515000;10000;9600594203;S
20240215;100012;0.024515000;10000;9600594231;S
20240215;100012;0.024515000;10000;9600594235;S
20240215;100012;0.024525000;10000;9600594236;B
20240215;100012;0.024530000;120000;9600594237;B
20240215;100012;0.024515000;10000;9600594241;S
20240215;100012;0.024515000;50000;9600594298;S
20240215;100012;0.024530000;20000;9600594308;B
20240215;100012;0.024515000;10000;9600594310;S
20240215;100013;0.024515000;10000;9600594396;S
20240215;100013;0.024515000;10000;9600594397;S
20240215;100013;0.024515000;50000;9600594415;S
20240215;100013;0.024515000;40000;9600594533;S
20240215;100013;0.024515000;10000;9600594557;S
20240215;100013;0.024525000;60000;9600594606;B
20240215;100013;0.024515000;10000;9600594609;S
20240215;100013;0.024515000;10000;9600594644;S
20240215;100013;0.024525000;940000;9600594876;B
20240215;100013;0.024530000;60000;9600594877;B
20240215;100015;0.024525000;1000000;9600595579;B
20240215;100015;0.024530000;2780000;9600595580;B
20240215;100015;0.024530000;10000;9600595581;B
20240215;100015;0.024530000;730000;9600595582;B
20240215;100018;0.024520000;300000;9600596409;B
20240215;100018;0.024530000;700000;9600596410;B
20240215;100018;0.024515000;220000;9600596512;S
20240215;100019;0.024530000;200000;9600596692;B
20240215;100020;0.024515000;140000;9600596800;S
20240215;100020;0.024515000;5640000;9600596801;S
20240215;100020;0.024515000;10000;9600596802;S
20240215;100020;0.024515000;4210000;9600596803;S
20240215;100020;0.024515000;10000;9600596978;S
20240215;100024;0.024520000;10000;9600598012;B
20240215;100025;0.024520000;990000;9600598076;B
20240215;100025;0.024520000;12230000;9600598077;B
20240215;100025;0.024520000;3270000;9600598125;S
20240215;100025;0.024525000;50000;9600598149;B
20240215;100025;0.024520000;10000;9600598270;S
20240215;100027;0.024520000;10000000;9600598421;S
20240215;100027;0.024520000;630000;9600598437;S
20240215;100028;0.024520000;260000;9600598698;S
20240215;100029;0.024530000;10000;9600598765;B
20240215;100029;0.024520000;800000;9600598784;S
20240215;100029;0.024530000;30000;9600598791;B
20240215;100029;0.024530000;20000;9600598809;B
20240215;100030;0.024530000;10000;9600598952;B
20240215;100031;0.024530000;10000;9600599184;B
20240215;100031;0.024520000;26810000;9600599218;S
20240215;100031;0.024520000;1000000;9600599219;S
20240215;100031;0.024520000;6000000;9600599220;S
20240215;100031;0.024520000;6000000;9600599221;B
20240215;100031;0.024520000;190000;9600599226;B
20240215;100031;0.024530000;2810000;9600599227;B
20240215;100031;0.024515000;5640000;9600599303;S
20240215;100031;0.024515000;6000000;9600599304;S
20240215;100031;0.024515000;1000000;9600599305;S
20240215;100031;0.024515000;7360000;9600599306;S
20240215;100032;0.024515000;1000000;9600599333;S
20240215;100032;0.024515000;3080000;9600599334;S
20240215;100032;0.024525000;10000;9600599378;B
20240215;100032;0.024515000;10000;9600599430;S
20240215;100035;0.024515000;80000;9600599904;S
20240215;100035;0.024515000;20000;9600599961;S
20240215;100035;0.024525000;40000;9600599969;B
20240215;100035;0.024525000;10000;9600599970;B
20240215;100036;0.024525000;940000;9600600053;B
20240215;100036;0.024530000;5480000;9600600054;B
20240215;100036;0.024530000;10000;9600600055;B
20240215;100036;0.024530000;100000;9600600056;B
20240215;100036;0.024530000;200000;9600600057;B
20240215;100036;0.024530000;1000000;9600600058;B
20240215;100036;0.024530000;10000;9600600059;B
20240215;100036;0.024530000;2260000;9600600060;B
20240215;100036;0.024525000;120000;9600600219;B
20240215;100037;0.024515000;5530000;9600600232;S
20240215;100037;0.024515000;1000000;9600600233;S
20240215;100037;0.024515000;6000000;9600600234;S
20240215;100037;0.024510000;36320000;9600600235;S
20240215;100037;0.024510000;4010000;9600600236;S
20240215;100037;0.024510000;10000;9600600237;S
20240215;100037;0.024510000;180000;9600600238;S
20240215;100037;0.024510000;1000000;9600600239;S
20240215;100037;0.024510000;5640000;9600600240;S
20240215;100037;0.024510000;6000000;9600600241;S
20240215;100037;0.024510000;12230000;9600600242;S
20240215;100038;0.024510000;10000;9600600455;B
20240215;100038;0.024505000;1000000;9600600540;S
20240215;100038;0.024505000;200000;9600600541;S
20240215;100038;0.024505000;200000;9600600542;S
20240215;100038;0.024505000;10000;9600600543;S
20240215;100038;0.024505000;1590000;9600600544;S
20240215;100039;0.024505000;10000000;9600600679;S
20240215;100040;0.024510000;30000;9600600872;B
20240215;100040;0.024510000;30000;9600600895;B
20240215;100040;0.024505000;10000000;9600600932;S
20240215;100040;0.024510000;2500000;9600600994;B
20240215;100042;0.024510000;120000;9600601373;B
20240215;100044;0.024510000;1000000;9600601882;B
20240215;100046;0.024510000;10000;9600602172;B
20240215;100049;0.024505000;3000000;9600602811;S
20240215;100049;0.024510000;100000;9600602817;B
20240215;100050;0.024510000;410000;9600603095;B
20240215;100052;0.024505000;100000;9600603434;S
20240215;100052;0.024505000;40000;9600603503;S
20240215;100054;0.024510000;10000;9600603918;B
20240215;100055;0.024505000;10000;9600604054;S
20240215;100055;0.024510000;10000;9600604154;B
20240215;100056;0.024510000;30000;9600604214;B
20240215;100056;0.024505000;5000000;9600604271;S
20240215;100056;0.024505000;10000;9600604292;S
20240215;100058;0.024505000;110000;9600604678;S
20240215;100059;0.024510000;170000;9600604936;B
20240215;100100;0.024510000;1110000;9600604991;B
20240215;100100;0.024505000;500000;9600605017;S
20240215;100100;0.024505000;210000;9600605194;S
20240215;100101;0.024505000;2000000;9600605346;S
20240215;100101;0.024505000;9060000;9600605358;S
20240215;100101;0.024505000;10000;9600605377;S
20240215;100102;0.024505000;8360000;9600605543;S
20240215;100102;0.024505000;30000;9600605544;S
20240215;100102;0.024505000;410000;9600605545;S
20240215;100102;0.024505000;200000;9600605546;S
20240215;100102;0.024505000;200000;9600605547;S
20240215;100102;0.024505000;1000000;9600605548;S
20240215;100102;0.024500000;10000;9600605549;S
20240215;100102;0.024500000;10000;9600605550;S
20240215;100102;0.024500000;5000000;9600605551;S
20240215;100102;0.024500000;20000;9600605552;S
20240215;100102;0.024500000;10000;9600605553;S
20240215;100102;0.024500000;50000;9600605554;S
20240215;100102;0.024500000;1020000;9600605555;S
20240215;100102;0.024500000;30000;9600605556;S
20240215;100102;0.024500000;20000;9600605557;S
20240215;100102;0.024500000;10000;9600605558;S
20240215;100102;0.024500000;1000000;9600605559;S
20240215;100102;0.024500000;10000;9600605560;S
20240215;100102;0.024500000;10000;9600605561;S
20240215;100102;0.024500000;32600000;9600605562;S
20240215;100103;0.024500000;12900000;9600605748;S
20240215;100104;0.024505000;10000;9600605989;B
20240215;100104;0.024500000;50000000;9600606005;S
20240215;100104;0.024500000;13000000;9600606008;S
20240215;100106;0.024500000;5170000;9600606319;S
20240215;100106;0.024500000;1000000;9600606320;S
20240215;100106;0.024500000;180000;9600606321;S
20240215;100106;0.024500000;210000;9600606322;S
20240215;100106;0.024500000;1000000;9600606323;S
20240215;100106;0.024500000;20000;9600606324;S
20240215;100106;0.024500000;10000;9600606325;S
20240215;100106;0.024500000;10000;9600606326;S
20240215;100106;0.024500000;40000;9600606327;S
20240215;100106;0.024500000;180000;9600606328;S
20240215;100106;0.024500000;40810000;9600606329;S
20240215;100106;0.024500000;1000000;9600606330;S
20240215;100106;0.024500000;250000;9600606331;S
20240215;100106;0.024500000;10000;9600606332;S
20240215;100106;0.024500000;20000;9600606333;S
20240215;100106;0.024500000;50000;9600606334;S
20240215;100106;0.024500000;40000;9600606335;S
20240215;100109;0.024500000;18660000;9600606856;S
20240215;100111;0.024500000;2300000;9600607263;S
20240215;100111;0.024500000;1000000;9600607264;S
20240215;100111;0.024500000;10000;9600607265;S
20240215;100111;0.024500000;10000;9600607266;S
20240215;100111;0.024500000;10000;9600607267;S
20240215;100111;0.024500000;200000;9600607268;S
20240215;100111;0.024500000;200000;9600607269;S
20240215;100111;0.024500000;250000;9600607270;S
20240215;100111;0.024500000;200000;9600607271;S
20240215;100111;0.024500000;10000;9600607272;S
20240215;100111;0.024500000;700000;9600607273;S
20240215;100111;0.024500000;10000;9600607274;S
20240215;100111;0.024500000;20000;9600607275;S
20240215;100111;0.024500000;20000;9600607276;S
20240215;100111;0.024500000;80000;9600607277;S
20240215;100111;0.024500000;100000;9600607278;S
20240215;100111;0.024500000;40000;9600607279;S
20240215;100111;0.024500000;40000;9600607280;S
20240215;100111;0.024500000;10000;9600607281;S
20240215;100111;0.024500000;10000;9600607282;S
20240215;100111;0.024500000;10000;9600607283;S
20240215;100111;0.024500000;10000;9600607284;S
20240215;100111;0.024500000;10000;9600607285;S
20240215;100111;0.024500000;10000;9600607286;S
20240215;100111;0.024500000;10000;9600607287;S
20240215;100111;0.024500000;10000;9600607288;S
20240215;100111;0.024500000;5640000;9600607289;S
20240215;100111;0.024500000;12240000;9600607290;S
20240215;100112;0.024500000;40000;9600607423;B
20240215;100112;0.024500000;50000;9600607431;B
20240215;100113;0.024495000;210000;9600607462;S
20240215;100113;0.024495000;40000;9600607463;S
20240215;100113;0.024495000;10000;9600607464;S
20240215;100113;0.024495000;20000;9600607465;S
20240215;100113;0.024495000;20000;9600607466;S
20240215;100113;0.024495000;100000;9600607467;S
20240215;100113;0.024495000;100000;9600607468;S
20240215;100113;0.024495000;10000;9600607469;S
20240215;100113;0.024495000;10000;9600607470;S
20240215;100113;0.024495000;80000;9600607471;S
20240215;100113;0.024495000;70000;9600607472;S
20240215;100113;0.024495000;400000;9600607473;S
20240215;100113;0.024495000;50000;9600607474;S
20240215;100113;0.024495000;30000;9600607475;S
20240215;100113;0.024495000;300000;9600607476;S
20240215;100113;0.024495000;2720000;9600607477;S
20240215;100113;0.024495000;1830000;9600607478;S
20240215;100114;0.024500000;10000;9600607641;B
20240215;100114;0.024495000;1000000;9600607691;S
20240215;100115;0.024500000;1000000;9600607825;B
20240215;100115;0.024500000;100000;9600607833;B
20240215;100115;0.024500000;10000;9600607867;B
20240215;100116;0.024500000;70000;9600607949;B
20240215;100116;0.024500000;10000;9600607991;B
20240215;100117;0.024500000;1000000;9600608172;B
20240215;100117;0.024500000;20000;9600608216;B
20240215;100119;0.024500000;4000000;9600608722;B
20240215;100121;0.024500000;40000;9600609182;B
20240215;100123;0.024500000;10000;9600609442;B
20240215;100124;0.024495000;110000;9600609758;S
20240215;100126;0.024495000;1060000;9600609999;S
20240215;100126;0.024490000;10000;9600610000;S
20240215;100126;0.024490000;2000000;9600610001;S
20240215;100126;0.024490000;80000;9600610002;S
20240215;100126;0.024490000;4090000;9600610003;S
20240215;100126;0.024485000;2760000;9600610004;S
20240215;100126;0.024495000;100000;9600610011;B
20240215;100127;0.024495000;10000;9600610039;B
20240215;100127;0.024495000;420000;9600610055;B
20240215;100128;0.024495000;200000;9600610288;B
20240215;100129;0.024495000;5270000;9600610564;B
20240215;100129;0.024495000;1000000;9600610565;B
20240215;100129;0.024495000;6000000;9600610566;S
20240215;100129;0.024495000;730000;9600610567;S
20240215;100131;0.024490000;30000;9600610717;S
20240215;100131;0.024485000;100000;9600610718;S
20240215;100131;0.024485000;30000;9600610719;S
20240215;100131;0.024480000;200000;9600610720;S
20240215;100131;0.024480000;90000;9600610721;S
20240215;100131;0.024480000;110000;9600610789;S
20240215;100131;0.024480000;300000;9600610790;S
20240215;100131;0.024480000;1090000;9600610791;S
20240215;100132;0.024480000;500000;9600610928;S
20240215;100132;0.024495000;10000;9600610948;B
20240215;100134;0.024480000;870000;9600611266;S
20240215;100134;0.024495000;5000000;9600611312;B
20240215;100135;0.024495000;10000;9600611441;B
20240215;100135;0.024485000;1000000;9600611471;S
20240215;100135;0.024485000;5640000;9600611472;S
20240215;100135;0.024485000;1760000;9600611473;S
20240215;100136;0.024495000;990000;9600611655;B
20240215;100136;0.024495000;1010000;9600611656;B
20240215;100138;0.024495000;20000;9600611991;B
20240215;100138;0.024490000;290000;9600612017;S
20240215;100139;0.024495000;70000;9600612154;B
20240215;100139;0.024490000;40000;9600612169;S
20240215;100140;0.024490000;10000;9600612415;S
20240215;100140;0.024490000;100000;9600612434;S
20240215;100141;0.024490000;30000;9600612519;S
20240215;100142;0.024495000;10000;9600612816;B
20240215;100142;0.024495000;100000;9600612864;B
20240215;100142;0.024495000;7170000;9600612905;B
20240215;100145;0.024495000;50000;9600613284;B
20240215;100146;0.024495000;7240000;9600613418;B
20240215;100146;0.024495000;7760000;9600613419;B
20240215;100148;0.024495000;15000000;9600613764;B
20240215;100148;0.024495000;2050000;9600613871;B
20240215;100149;0.024495000;10000;9600614041;B
20240215;100150;0.024490000;10000;9600614141;S
20240215;100150;0.024490000;40000;9600614223;S
20240215;100150;0.024495000;10000;9600614268;B
20240215;100150;0.024495000;10000;9600614294;B
20240215;100151;0.024490000;700000;9600614329;S
20240215;100151;0.024490000;20000;9600614492;S
20240215;100153;0.024495000;50000;9600614760;B
20240215;100154;0.024490000;10000;9600614799;S
20240215;100154;0.024495000;1000000;9600614890;B
20240215;100154;0.024495000;950000;9600614909;B
20240215;100154;0.024495000;140000;9600614910;B
20240215;100154;0.024495000;3000000;9600614911;B
20240215;100154;0.024500000;10000;9600614912;B
20240215;100154;0.024500000;390000;9600614913;B
20240215;100154;0.024500000;10510000;9600614914;B
20240215;100155;0.024500000;39490000;9600615147;B
20240215;100155;0.024500000;500000;9600615148;B
20240215;100155;0.024500000;10000;9600615149;B
20240215;100155;0.024500000;30000;9600615150;B
20240215;100155;0.024500000;990000;9600615151;B
20240215;100155;0.024505000;10000;9600615175;B
20240215;100157;0.024505000;90000;9600615499;S
20240215;100200;0.024510000;10000;9600615883;B
20240215;100200;0.024510000;10000;9600615898;B
20240215;100200;0.024505000;10000;9600615900;S
20240215;100201;0.024505000;30000;9600616035;S
20240215;100202;0.024510000;120000;9600616180;B
20240215;100202;0.024510000;420000;9600616181;B
20240215;100202;0.024510000;10000;9600616182;B
20240215;100202;0.024515000;450000;9600616183;B
20240215;100207;0.024510000;20000;9600617126;S
20240215;100207;0.024515000;10000;9600617241;B
20240215;100207;0.024515000;10000;9600617264;B
20240215;100209;0.024510000;60000;9600617543;S
20240215;100210;0.024510000;70000;9600617666;S
20240215;100211;0.024510000;1850000;9600618258;S
20240215;100211;0.024510000;1000000;9600618259;S
20240215;100211;0.024505000;650000;9600618260;S
20240215;100211;0.024515000;10000;9600618279;B
20240215;100212;0.024520000;30000;9600618352;B
20240215;100213;0.024515000;10000;9600618653;S
20240215;100213;0.024520000;200000;9600618712;B
20240215;100214;0.024515000;180000;9600618761;S
20240215;100214;0.024515000;1000000;9600618762;S
20240215;100214;0.024515000;5720000;9600618763;S
20240215;100214;0.024515000;4280000;9600618828;S
20240215;100214;0.024515000;1000000;9600618829;S
20240215;100214;0.024510000;1000000;9600618830;S
20240215;100214;0.024510000;3140000;9600618831;S
20240215;100214;0.024520000;770000;9600618894;B
20240215;100214;0.024520000;810000;9600618895;B
20240215;100214;0.024520000;1000000;9600618896;B
20240215;100214;0.024520000;10000;9600618897;B
20240215;100214;0.024520000;1000000;9600618898;B
20240215;100214;0.024525000;1000000;9600618899;B
20240215;100214;0.024525000;200000;9600618900;B
20240215;100214;0.024525000;4710000;9600618901;B
20240215;100216;0.024510000;10000;9600619176;S
20240215;100217;0.024525000;10000;9600619380;B
20240215;100220;0.024525000;10000;9600619781;B
20240215;100220;0.024520000;80000;9600619921;S
20240215;100220;0.024525000;80000;9600619938;B
20240215;100221;0.024520000;920000;9600620067;S
20240215;100221;0.024515000;700000;9600620068;S
20240215;100222;0.024525000;200000;9600620226;B
20240215;100222;0.024520000;1000000;9600620278;S
20240215;100222;0.024515000;300000;9600620279;S
20240215;100222;0.024515000;3860000;9600620280;S
20240215;100223;0.024525000;130000;9600620405;B
20240215;100224;0.024525000;7090000;9600620532;B
20240215;100224;0.024525000;870000;9600620533;B
20240215;100224;0.024525000;10000;9600620534;B
20240215;100224;0.024530000;10000000;9600620535;B
20240215;100224;0.024530000;1000000;9600620536;B
20240215;100224;0.024530000;500000;9600620537;B
20240215;100224;0.024530000;1000000;9600620538;B
20240215;100224;0.024530000;6000000;9600620539;B
20240215;100224;0.024530000;23440000;9600620540;B
20240215;100224;0.024535000;10000;9600620541;B
20240215;100224;0.024535000;410000;9600620542;B
20240215;100224;0.024535000;490000;9600620543;B
20240215;100224;0.024535000;420000;9600620544;B
20240215;100224;0.024535000;480000;9600620545;B
20240215;100224;0.024535000;10000;9600620546;B
20240215;100224;0.024535000;10000;9600620547;B
20240215;100224;0.024535000;10000;9600620548;B
20240215;100224;0.024535000;10000;9600620549;B
20240215;100224;0.024535000;1000000;9600620550;B
20240215;100224;0.024535000;4740000;9600620551;B
20240215;100225;0.024525000;700000;9600620739;S
20240215;100226;0.024530000;50000;9600620929;S
20240215;100227;0.024530000;4000000;9600620999;S
20240215;100227;0.024530000;1000000;9600621000;S
20240215;100227;0.024535000;50000;9600621001;B
20240215;100227;0.024535000;1000000;9600621002;B
20240215;100227;0.024535000;3000000;9600621003;B
20240215;100227;0.024535000;4050000;9600621004;B
20240215;100227;0.024535000;4050000;9600621005;B
20240215;100227;0.024535000;4050000;9600621006;B
20240215;100227;0.024535000;4050000;9600621007;B
20240215;100227;0.024535000;4050000;9600621008;B
20240215;100227;0.024535000;4050000;9600621010;B
20240215;100227;0.024535000;2440000;9600621011;B
20240215;100227;0.024530000;380000;9600621029;S
20240215;100227;0.024530000;700000;9600621118;S
20240215;100228;0.024530000;10000;9600621186;S
20240215;100229;0.024530000;80000;9600621357;S
20240215;100229;0.024530000;100000;9600621435;S
20240215;100229;0.024525000;300000;9600621436;S
20240215;100229;0.024525000;2120000;9600621437;S
20240215;100229;0.024525000;4150000;9600621438;S
20240215;100229;0.024520000;12250000;9600621439;S
20240215;100229;0.024520000;1000000;9600621440;S
20240215;100229;0.024520000;2380000;9600621441;S
20240215;100229;0.024520000;6000000;9600621442;S
20240215;100229;0.024520000;1000000;9600621443;S
20240215;100229;0.024520000;4000000;9600621444;S
20240215;100229;0.024520000;30000;9600621445;B
20240215;100230;0.024520000;200000;9600621547;B
20240215;100230;0.024520000;100000;9600621585;B
20240215;100231;0.024520000;30000000;9600621812;B
20240215;100231;0.024520000;30000000;9600621943;B
20240215;100231;0.024520000;3000000;9600621975;B
20240215;100232;0.024520000;200000;9600622117;B
20240215;100233;0.024510000;10000;9600622192;S
20240215;100237;0.024520000;10000;9600622928;B
20240215;100238;0.024520000;20000;9600623100;B
20240215;100238;0.024520000;2000000;9600623162;B
20240215;100239;0.024520000;1000000;9600623333;B
20240215;100240;0.024520000;36000000;9600623387;B
20240215;100240;0.024515000;4200000;9600623440;S
20240215;100240;0.024515000;2070000;9600623441;S
20240215;100240;0.024510000;10000;9600623442;S
20240215;100240;0.024510000;3720000;9600623443;S
20240215;100240;0.024515000;130000;9600623543;B
20240215;100242;0.024520000;20000;9600623933;B
20240215;100245;0.024520000;12000000;9600624901;B
20240215;100246;0.024520000;40000;9600625004;B
20240215;100246;0.024520000;20000;9600625063;B
20240215;100246;0.024515000;10000000;9600625064;S
20240215;100247;0.024520000;5550000;9600625109;B
20240215;100247;0.024520000;5550000;9600625123;B
20240215;100247;0.024520000;1000000;9600625139;B
20240215;100249;0.024515000;6700000;9600625400;S
20240215;100249;0.024515000;1040000;9600625401;S
20240215;100249;0.024515000;4090000;9600625402;S
20240215;100249;0.024515000;4500000;9600625403;S
20240215;100249;0.024520000;10000;9600625433;B
20240215;100249;0.024515000;30000;9600625563;S
20240215;100250;0.024515000;30000;9600625649;S
20240215;100250;0.024520000;1000000;9600625676;B
20240215;100250;0.024520000;2000000;9600625677;B
20240215;100250;0.024520000;1340000;9600625723;B
20240215;100250;0.024520000;78200000;9600625724;B
20240215;100250;0.024520000;2500000;9600625727;B
20240215;100250;0.024520000;1960000;9600625728;B
20240215;100251;0.024520000;220000;9600625810;B
20240215;100251;0.024520000;30000;9600625825;B
20240215;100252;0.024520000;200000;9600626096;B
20240215;100252;0.024520000;280000;9600626097;B
20240215;100252;0.024515000;980000;9600626123;S
20240215;100252;0.024515000;20000;9600626124;S
20240215;100253;0.024520000;200000;9600626274;B
20240215;100253;0.024520000;200000;9600626276;B
20240215;100253;0.024515000;10000000;9600626293;S
20240215;100253;0.024520000;110000;9600626294;B
20240215;100253;0.024520000;10000;9600626329;B
20240215;100253;0.024520000;6110000;9600626354;B
20240215;100253;0.024520000;280000;9600626355;B
20240215;100254;0.024520000;20000;9600626452;B
20240215;100254;0.024520000;870000;9600626453;B
20240215;100254;0.024520000;800000;9600626454;B
20240215;100254;0.024515000;170000;9600626471;S
20240215;100254;0.024520000;30000;9600626472;B
20240215;100254;0.024520000;70000;9600626473;B
20240215;100255;0.024520000;360000;9600626531;B
20240215;100256;0.024520000;850000;9600626726;B
20240215;100256;0.024520000;4000000;9600626757;B
20240215;100256;0.024520000;2000000;9600626758;B
20240215;100256;0.024520000;880000;9600626759;B
20240215;100256;0.024520000;2000000;9600626760;B
20240215;100256;0.024525000;40000;9600626761;B
20240215;100256;0.024525000;1000000;9600626762;B
20240215;100256;0.024530000;1000000;9600626763;B
20240215;100256;0.024530000;2960000;9600626764;B
20240215;100256;0.024530000;7040000;9600626767;B
20240215;100256;0.024535000;2500000;9600626768;B
20240215;100258;0.024530000;400000;9600626950;S
20240215;100258;0.024530000;500000;9600626951;S
20240215;100258;0.024530000;2700000;9600626952;S
20240215;100259;0.024530000;20000;9600627175;S
20240215;100259;0.024535000;20000;9600627181;B
20240215;100259;0.024535000;10000;9600627229;B
20240215;100300;0.024535000;2000000;9600627400;B
20240215;100300;0.024530000;260000;9600627415;S
20240215;100301;0.024535000;20000;9600627577;B
20240215;100301;0.024530000;3020000;9600627579;S
20240215;100301;0.024530000;520000;9600627580;S
20240215;100301;0.024525000;5000000;9600627581;S
20240215;100301;0.024525000;1360000;9600627582;S
20240215;100302;0.024525000;70000;9600627682;S
20240215;100303;0.024525000;100000;9600627800;S
20240215;100303;0.024535000;10000000;9600627833;B
20240215;100303;0.024535000;100000;9600627834;B
20240215;100304;0.024535000;40000;9600627896;B
20240215;100304;0.024535000;500000;9600628042;B
20240215;100307;0.024530000;500000;9600628504;B
20240215;100307;0.024535000;1000000;9600628505;B
20240215;100312;0.024530000;80000;9600629261;S
20240215;100314;0.024530000;30000;9600629601;S
20240215;100318;0.024530000;1000000;9600630643;S
20240215;100319;0.024535000;10300000;9600630783;B
20240215;100320;0.024535000;100000;9600630830;B
20240215;100320;0.024535000;10000;9600630875;B
20240215;100320;0.024535000;10000;9600630905;B
20240215;100322;0.024535000;10000;9600631188;B
20240215;100323;0.024535000;10000;9600631329;B
20240215;100325;0.024535000;43630000;9600631509;B
20240215;100325;0.024535000;10000;9600631510;B
20240215;100325;0.024535000;13610000;9600631511;B
20240215;100325;0.024535000;1000000;9600631512;B
20240215;100325;0.024535000;12220000;9600631513;B
20240215;100325;0.024535000;410000;9600631514;B
20240215;100325;0.024535000;100000;9600631550;S
20240215;100326;0.024540000;300000;9600631691;B
20240215;100327;0.024540000;100000;9600631877;B
20240215;100327;0.024540000;430000;9600631878;B
20240215;100327;0.024540000;510000;9600631879;B
20240215;100327;0.024540000;10000;9600631880;B
20240215;100327;0.024540000;240000;9600631881;B
20240215;100327;0.024540000;10000;9600631882;B
20240215;100327;0.024540000;10000;9600631883;B
20240215;100327;0.024540000;10000;9600631884;B
20240215;100327;0.024540000;10000;9600631885;B
20240215;100327;0.024540000;10000000;9600631886;B
20240215;100327;0.024545000;80000;9600631898;B
20240215;100329;0.024545000;10000;9600632115;B
20240215;100330;0.024545000;90000;9600632264;B
20240215;100330;0.024545000;440000;9600632265;B
20240215;100330;0.024545000;390000;9600632266;B
20240215;100330;0.024545000;520000;9600632267;B
20240215;100330;0.024545000;580000;9600632268;B
20240215;100330;0.024545000;980000;9600632269;B
20240215;100330;0.024540000;10000;9600632297;S
20240215;100330;0.024545000;10000;9600632302;B
20240215;100330;0.024540000;8000000;9600632303;S
20240215;100330;0.024540000;10000;9600632320;S
20240215;100331;0.024540000;2000000;9600632415;S
20240215;100333;0.024540000;1270000;9600632802;S
20240215;100333;0.024540000;7380000;9600632824;S
20240215;100333;0.024540000;2620000;9600632825;S
20240215;100333;0.024540000;1000000;9600632849;B
20240215;100335;0.024540000;12250000;9600632974;B
20240215;100335;0.024540000;1000000;9600632975;B
20240215;100335;0.024545000;4560000;9600632976;B
20240215;100335;0.024545000;190000;9600632977;B
20240215;100335;0.024535000;40000;9600633046;S
20240215;100337;0.024540000;500000;9600633245;B
20240215;100337;0.024540000;30000;9600633282;B
20240215;100337;0.024535000;28980000;9600633283;S
20240215;100337;0.024535000;4000000;9600633284;S
20240215;100337;0.024535000;7120000;9600633285;S
20240215;100337;0.024535000;3900000;9600633286;S
20240215;100338;0.024535000;2000000;9600633358;S
20240215;100338;0.024535000;10000000;9600633359;S
20240215;100339;0.024535000;80000;9600633611;B
20240215;100340;0.024535000;1810000;9600633723;B
20240215;100341;0.024535000;10000;9600634019;B
20240215;100341;0.024535000;200000;9600634053;B
20240215;100341;0.024530000;20000;9600634130;S
20240215;100341;0.024530000;10000;9600634152;S
20240215;100343;0.024530000;2260000;9600634462;S
20240215;100343;0.024530000;1000000;9600634463;S
20240215;100343;0.024530000;500000;9600634464;S
20240215;100343;0.024530000;1200000;9600634465;S
20240215;100343;0.024530000;2800000;9600634466;S
20240215;100343;0.024530000;500000;9600634467;S
20240215;100343;0.024530000;10000000;9600634468;S
20240215;100343;0.024530000;9380000;9600634469;S
20240215;100344;0.024520000;670000;9600634703;S
20240215;100344;0.024530000;2360000;9600634807;B
20240215;100344;0.024530000;1000000;9600634808;B
20240215;100344;0.024530000;12250000;9600634809;B
20240215;100344;0.024530000;6920000;9600634810;B
20240215;100344;0.024535000;5470000;9600634811;B
20240215;100345;0.024530000;10000;9600634950;B
20240215;100345;0.024525000;680000;9600635058;S
20240215;100346;0.024530000;200000;9600635173;B
20240215;100347;0.024520000;180000;9600635364;S
20240215;100347;0.024530000;10000;9600635454;B
20240215;100348;0.024530000;280000;9600635563;B
20240215;100348;0.024530000;2030000;9600635615;B
20240215;100349;0.024530000;200000;9600635702;B
20240215;100349;0.024525000;20000;9600635799;S
20240215;100349;0.024530000;4730000;9600635802;B
20240215;100349;0.024530000;3460000;9600635803;B
20240215;100349;0.024530000;1500000;9600635804;B
20240215;100349;0.024530000;1000000;9600635805;B
20240215;100349;0.024535000;20310000;9600635806;B
20240215;100350;0.024530000;1730000;9600635861;B
20240215;100350;0.024535000;3190000;9600635862;B
20240215;100350;0.024530000;870000;9600635898;B
20240215;100350;0.024535000;49130000;9600635899;B
20240215;100351;0.024535000;50000000;9600635947;B
20240215;100351;0.024535000;40000;9600635972;B
20240215;100351;0.024535000;40000;9600636001;B
20240215;100352;0.024535000;20000;9600636045;B
20240215;100352;0.024530000;1000000;9600636114;S
20240215;100352;0.024530000;250000;9600636115;S
20240215;100352;0.024535000;60000;9600636123;B
20240215;100352;0.024525000;10000;9600636125;S
20240215;100353;0.024525000;20000;9600636171;S
20240215;100353;0.024535000;10000;9600636186;B
20240215;100353;0.024525000;1000000;9600636197;S
20240215;100354;0.024525000;3040000;9600636280;S
20240215;100354;0.024525000;960000;9600636281;S
20240215;100354;0.024525000;40000;9600636342;S
20240215;100354;0.024525000;1160000;9600636343;S
20240215;100354;0.024525000;670000;9600636421;S
20240215;100355;0.024525000;90000;9600636564;S
20240215;100356;0.024530000;680000;9600636669;S
20240215;100356;0.024535000;1500000;9600636689;B
20240215;100356;0.024535000;50000;9600636707;B
20240215;100357;0.024530000;10000;9600636850;S
20240215;100358;0.024535000;10000;9600636917;B
20240215;100359;0.024535000;350000;9600637153;B
20240215;100402;0.024535000;1500000;9600637527;B
20240215;100402;0.024535000;4000000;9600637545;B
20240215;100402;0.024535000;51480000;9600637660;B
20240215;100403;0.024535000;20000;9600637753;B
20240215;100403;0.024535000;10000;9600637807;B
20240215;100404;0.024535000;7500000;9600637876;B
20240215;100404;0.024530000;30000;9600637929;S
20240215;100404;0.024530000;4280000;9600637994;S
20240215;100404;0.024530000;50000;9600637995;S
20240215;100404;0.024530000;20000;9600637996;S
20240215;100404;0.024530000;5000000;9600637997;S
20240215;100404;0.024530000;4950000;9600637998;S
20240215;100404;0.024530000;860000;9600637999;S
20240215;100404;0.024530000;1000000;9600638000;S
20240215;100404;0.024530000;9290000;9600638001;S
20240215;100404;0.024535000;2000000;9600638027;B
20240215;100405;0.024535000;10000;9600638078;B
20240215;100406;0.024530000;20000;9600638205;S
20240215;100406;0.024535000;400000;9600638225;B
20240215;100409;0.024535000;8000000;9600638608;B
20240215;100410;0.024535000;70000;9600638738;B
20240215;100410;0.024535000;50000;9600638750;B
20240215;100411;0.024535000;10000;9600638888;B
20240215;100411;0.024530000;10000;9600639068;S
20240215;100412;0.024535000;20000;9600639191;B
20240215;100413;0.024530000;20000;9600639278;S
20240215;100414;0.024535000;200000;9600639446;B
20240215;100415;0.024530000;590000;9600639576;S
20240215;100416;0.024535000;50000;9600639725;B
20240215;100418;0.024530000;360000;9600639956;S
20240215;100418;0.024530000;140000;9600639957;S
20240215;100419;0.024535000;1000000;9600640086;B
20240215;100419;0.024535000;320000;9600640141;B
20240215;100420;0.024535000;60000;9600640225;B
20240215;100421;0.024530000;10000;9600640355;S
20240215;100421;0.024530000;850000;9600640360;S
20240215;100421;0.024530000;1150000;9600640361;S
20240215;100421;0.024535000;20000;9600640410;B
20240215;100421;0.024535000;40000;9600640416;B
20240215;100424;0.024530000;60000;9600640805;S
20240215;100426;0.024535000;20000;9600640957;B
20240215;100431;0.024535000;30000;9600641604;B
20240215;100431;0.024535000;1300000;9600641657;B
20240215;100432;0.024530000;80000;9600641891;S
20240215;100433;0.024535000;10000;9600642127;B
20240215;100433;0.024535000;20000;9600642133;B
20240215;100433;0.024535000;200000;9600642134;B
20240215;100433;0.024535000;10000;9600642137;B
20240215;100434;0.024530000;60000;9600642311;S
20240215;100435;0.024535000;4500000;9600642435;B
20240215;100435;0.024530000;30000;9600642508;S
20240215;100436;0.024535000;10000;9600642521;B
20240215;100436;0.024530000;30000;9600642576;S
20240215;100436;0.024530000;2000000;9600642624;S
20240215;100436;0.024535000;25000000;9600642631;B
20240215;100438;0.024535000;40000000;9600642891;B
20240215;100438;0.024535000;20000;9600642942;B
20240215;100439;0.024535000;12930000;9600643118;B
20240215;100440;0.024535000;80000;9600643167;B
20240215;100441;0.024535000;40000;9600643308;B
20240215;100442;0.024530000;2470000;9600643458;S
20240215;100443;0.024530000;10000;9600643505;S
20240215;100445;0.024535000;10000;9600643792;B
20240215;100445;0.024530000;50000;9600643864;S
20240215;100447;0.024535000;2000000;9600644127;B
20240215;100449;0.024530000;60000;9600644390;S
20240215;100450;0.024535000;140000;9600644559;B
20240215;100452;0.024535000;350000;9600644715;B
20240215;100452;0.024535000;10000;9600644730;B
20240215;100452;0.024535000;100000;9600644813;B
20240215;100453;0.024530000;600000;9600644919;S
20240215;100453;0.024535000;400000;9600644930;B
20240215;100453;0.024535000;1000000;9600644957;B
20240215;100453;0.024535000;20000;9600644959;B
20240215;100454;0.024535000;20000;9600645055;B
20240215;100455;0.024535000;100000;9600645127;B
20240215;100455;0.024530000;30000;9600645149;S
20240215;100456;0.024535000;800000;9600645248;B
20240215;100456;0.024535000;1100000;9600645249;B
20240215;100456;0.024530000;10000;9600645358;S
20240215;100456;0.024530000;160000;9600645359;S
20240215;100457;0.024535000;140000;9600645492;B
20240215;100458;0.024530000;2510000;9600645658;S
20240215;100500;0.024530000;60000;9600645834;S
20240215;100502;0.024535000;400000;9600646012;B
20240215;100503;0.024530000;1840000;9600646192;S
20240215;100503;0.024530000;4940000;9600646193;S
20240215;100503;0.024530000;400000;9600646194;S
20240215;100503;0.024530000;6000000;9600646195;S
20240215;100503;0.024530000;4090000;9600646196;S
20240215;100503;0.024530000;1000000;9600646197;S
20240215;100503;0.024530000;12250000;9600646198;S
20240215;100503;0.024530000;400000;9600646199;S
20240215;100503;0.024530000;500000;9600646200;S
20240215;100503;0.024530000;5000000;9600646201;S
20240215;100503;0.024530000;1000000;9600646202;S
20240215;100503;0.024530000;200000;9600646203;S
20240215;100503;0.024530000;10000000;9600646204;S
20240215;100504;0.024530000;2380000;9600646322;B
20240215;100504;0.024530000;1960000;9600646323;B
20240215;100504;0.024530000;2020000;9600646324;B
20240215;100504;0.024530000;5640000;9600646325;B
20240215;100504;0.024530000;1000000;9600646488;B
20240215;100504;0.024530000;10000;9600646504;B
20240215;100504;0.024535000;90000;9600646505;B
20240215;100505;0.024530000;500000;9600646554;B
20240215;100505;0.024530000;500000;9600646555;B
20240215;100505;0.024530000;20000;9600646559;B
20240215;100506;0.024530000;10000;9600646773;B
20240215;100507;0.024525000;1360000;9600646904;S
20240215;100507;0.024530000;40000;9600646922;B
20240215;100507;0.024530000;10000;9600646967;B
20240215;100509;0.024530000;60000;9600647186;B
20240215;100509;0.024530000;1890000;9600647189;B
20240215;100510;0.024530000;10000;9600647317;B
20240215;100510;0.024530000;150000;9600647388;B
20240215;100515;0.024530000;20000;9600648150;B
20240215;100515;0.024525000;4640000;9600648161;S
20240215;100515;0.024525000;5000000;9600648162;S
20240215;100515;0.024525000;360000;9600648163;S
20240215;100520;0.024525000;200000;9600648902;S
20240215;100520;0.024525000;80000;9600648989;S
20240215;100520;0.024525000;10000;9600649023;S
20240215;100521;0.024530000;5000000;9600649042;B
20240215;100521;0.024530000;1000000;9600649043;B
20240215;100521;0.024530000;5000000;9600649044;B
20240215;100521;0.024530000;1290000;9600649045;B
20240215;100521;0.024530000;710000;9600649046;B
20240215;100521;0.024530000;500000;9600649047;B
20240215;100521;0.024530000;2000000;9600649048;B
20240215;100521;0.024530000;2000000;9600649049;B
20240215;100521;0.024530000;1000000;9600649050;B
20240215;100521;0.024530000;5000000;9600649051;B
20240215;100521;0.024530000;1040000;9600649052;B
20240215;100521;0.024530000;500000;9600649053;B
20240215;100521;0.024530000;3460000;9600649054;B
20240215;100521;0.024530000;1000000;9600649055;B
20240215;100521;0.024530000;540000;9600649056;B
20240215;100521;0.024530000;4090000;9600649057;B
20240215;100521;0.024530000;370000;9600649058;B
20240215;100521;0.024525000;350000;9600649102;S
20240215;100521;0.024525000;240000;9600649103;S
20240215;100523;0.024525000;1000000;9600649528;S
20240215;100523;0.024530000;460000;9600649595;B
20240215;100523;0.024525000;760000;9600649610;S
20240215;100523;0.024525000;10000000;9600649611;S
20240215;100523;0.024525000;200000;9600649612;S
20240215;100523;0.024525000;5000000;9600649613;S
20240215;100523;0.024525000;6000000;9600649614;S
20240215;100523;0.024520000;4150000;9600649615;S
20240215;100523;0.024520000;6000000;9600649616;S
20240215;100523;0.024520000;540000;9600649617;S
20240215;100523;0.024520000;200000;9600649618;S
20240215;100523;0.024520000;100000;9600649619;S
20240215;100523;0.024520000;10000000;9600649620;S
20240215;100523;0.024520000;3900000;9600649621;S
20240215;100523;0.024520000;10000;9600649622;S
20240215;100523;0.024520000;3730000;9600649623;S
20240215;100523;0.024520000;2160000;9600649624;S
20240215;100523;0.024525000;1000000;9600649625;B
20240215;100523;0.024525000;250000;9600649626;B
20240215;100523;0.024525000;950000;9600649627;B
20240215;100523;0.024525000;50000;9600649628;B
20240215;100523;0.024530000;260000;9600649647;B
20240215;100524;0.024530000;280000;9600649695;B
20240215;100524;0.024530000;130000;9600649696;B
20240215;100524;0.024530000;50000;9600649776;B
20240215;100524;0.024525000;1150000;9600649782;S
20240215;100524;0.024525000;2920000;9600649783;S
20240215;100525;0.024525000;60000;9600649883;S
20240215;100526;0.024525000;1000000;9600650127;S
20240215;100527;0.024525000;60000;9600650244;S
20240215;100527;0.024525000;5000000;9600650314;S
20240215;100527;0.024530000;30000;9600650361;B
20240215;100528;0.024530000;40000;9600650481;B
20240215;100531;0.024525000;30000;9600651078;S
20240215;100532;0.024525000;470000;9600651394;S
20240215;100532;0.024525000;330000;9600651395;S
20240215;100533;0.024530000;10000;9600651405;B
20240215;100533;0.024530000;140000;9600651529;B
20240215;100534;0.024525000;40000;9600651735;S
20240215;100534;0.024530000;100000;9600651760;B
20240215;100535;0.024530000;20000;9600651873;B
20240215;100538;0.024530000;20000;9600652365;B
20240215;100538;0.024525000;1430000;9600652405;S
20240215;100538;0.024525000;650000;9600652406;S
20240215;100540;0.024530000;10000;9600652684;B
20240215;100541;0.024525000;10000;9600652823;S
20240215;100541;0.024525000;220000;9600652824;S
20240215;100541;0.024525000;280000;9600652856;S
20240215;100541;0.024520000;720000;9600652857;S
20240215;100544;0.024530000;630000;9600653449;B
20240215;100545;0.024525000;20000;9600653560;B
20240215;100545;0.024525000;10000;9600653572;B
20240215;100547;0.024520000;3350000;9600653805;S
20240215;100547;0.024520000;1000000;9600653806;S
20240215;100548;0.024520000;10000;9600653916;B
20240215;100548;0.024520000;80000;9600653940;B
20240215;100550;0.024520000;100000;9600654088;B
20240215;100551;0.024520000;10000;9600654230;B
20240215;100551;0.024515000;10000;9600654234;S
20240215;100554;0.024515000;650000;9600654603;S
20240215;100556;0.024515000;1200000;9600655065;S
20240215;100557;0.024520000;40000;9600655117;B
20240215;100557;0.024515000;1000000;9600655161;S
20240215;100557;0.024515000;500000;9600655162;S
20240215;100558;0.024515000;10000;9600655394;S
20240215;100600;0.024520000;20000;9600655622;B
20240215;100600;0.024515000;10000;9600655662;S
20240215;100600;0.024515000;10000;9600655778;S
20240215;100604;0.024520000;20000;9600656392;B
20240215;100605;0.024520000;150000;9600656632;B
20240215;100605;0.024515000;470000;9600656633;S
20240215;100605;0.024515000;4960000;9600656634;S
20240215;100606;0.024515000;100000;9600656804;B
20240215;100606;0.024510000;440000;9600656899;S
20240215;100606;0.024510000;1560000;9600656900;S
20240215;100607;0.024510000;5640000;9600657007;S
20240215;100607;0.024510000;200000;9600657008;S
20240215;100607;0.024510000;60000;9600657009;S
20240215;100607;0.024510000;3290000;9600657010;S
20240215;100607;0.024515000;2900000;9600657022;B
20240215;100607;0.024515000;1200000;9600657023;B
20240215;100608;0.024505000;6000000;9600657067;S
20240215;100608;0.024505000;2000000;9600657068;S
20240215;100608;0.024510000;3000000;9600657077;B
20240215;100608;0.024510000;8860000;9600657078;B
20240215;100608;0.024515000;560000;9600657079;B
20240215;100608;0.024510000;2760000;9600657244;B
20240215;100609;0.024510000;20000;9600657316;B
20240215;100609;0.024510000;30000;9600657326;B
20240215;100609;0.024510000;10000;9600657390;B
20240215;100610;0.024505000;40000;9600657469;S
20240215;100610;0.024510000;60000;9600657603;B
20240215;100612;0.024510000;120000;9600657781;B
20240215;100612;0.024515000;130000;9600657782;B
20240215;100612;0.024505000;1000000;9600657784;S
20240215;100613;0.024505000;20000;9600658071;S
20240215;100615;0.024510000;20000;9600658309;B
20240215;100616;0.024505000;10000;9600658449;S
20240215;100616;0.024505000;10000;9600658450;S
20240215;100616;0.024505000;10000;9600658451;S
20240215;100616;0.024505000;10000;9600658452;S
20240215;100616;0.024505000;10000;9600658453;S
20240215;100616;0.024505000;10000;9600658454;S
20240215;100616;0.024505000;10000;9600658455;S
20240215;100616;0.024505000;10000;9600658456;S
20240215;100616;0.024505000;10000;9600658457;S
20240215;100616;0.024505000;100000;9600658458;S
20240215;100616;0.024505000;500000;9600658459;S
20240215;100616;0.024500000;250000;9600658460;S
20240215;100616;0.024500000;250000;9600658461;S
20240215;100616;0.024500000;8810000;9600658462;S
20240215;100616;0.024500000;9080000;9600658486;S
20240215;100616;0.024500000;10000;9600658488;S
20240215;100618;0.024500000;650000;9600658776;S
20240215;100618;0.024505000;1000000;9600658870;B
20240215;100618;0.024510000;400000;9600658871;B
20240215;100619;0.024500000;100000;9600659080;S
20240215;100620;0.024500000;20000;9600659368;S
20240215;100621;0.024500000;60000;9600659460;S
20240215;100622;0.024500000;250000;9600659741;S
20240215;100622;0.024505000;910000;9600659767;B
20240215;100622;0.024505000;3000000;9600659768;B
20240215;100622;0.024505000;250000;9600659769;B
20240215;100622;0.024505000;1000000;9600659770;B
20240215;100622;0.024510000;2580000;9600659771;B
20240215;100622;0.024510000;1000000;9600659772;B
20240215;100622;0.024510000;10000;9600659773;B
20240215;100623;0.024510000;160000;9600659848;S
20240215;100624;0.024510000;5000000;9600660012;S
20240215;100624;0.024510000;10000;9600660099;S
20240215;100626;0.024515000;30000;9600660467;B
20240215;100628;0.024510000;190000;9600660670;S
20240215;100628;0.024510000;70000;9600660700;S
20240215;100629;0.024515000;1200000;9600660775;B
20240215;100629;0.024510000;10000;9600660847;S
20240215;100631;0.024510000;10000;9600661082;S
20240215;100633;0.024510000;20000;9600661378;S
20240215;100634;0.024515000;6170000;9600661524;B
20240215;100634;0.024515000;3830000;9600661525;B
20240215;100634;0.024510000;1230000;9600661626;S
20240215;100635;0.024515000;2500000;9600661687;B
20240215;100635;0.024515000;40000;9600661736;B
20240215;100637;0.024515000;40000;9600662173;B
20240215;100640;0.024515000;420000;9600662696;B
20240215;100640;0.024515000;10000;9600662697;B
20240215;100640;0.024515000;2530000;9600662698;B
20240215;100640;0.024520000;10220000;9600662699;B
20240215;100640;0.024520000;8820000;9600662700;B
20240215;100641;0.024515000;250000;9600662906;B
20240215;100641;0.024515000;40000;9600662929;B
20240215;100641;0.024510000;10000;9600663108;S
20240215;100648;0.024510000;60000;9600664138;S
20240215;100648;0.024510000;4480000;9600664250;S
20240215;100648;0.024510000;10000;9600664251;S
20240215;100648;0.024510000;510000;9600664252;S
20240215;100648;0.024515000;10000;9600664278;B
20240215;100650;0.024510000;5720000;9600664485;S
20240215;100650;0.024510000;10000;9600664486;S
20240215;100650;0.024505000;50000;9600664613;S
20240215;100651;0.024510000;2100000;9600664724;B
20240215;100652;0.024505000;10000;9600664892;S
20240215;100653;0.024510000;660000;9600665009;B
20240215;100653;0.024510000;180000;9600665126;B
20240215;100654;0.024510000;90000;9600665286;B
20240215;100655;0.024505000;60000;9600665331;S
20240215;100655;0.024505000;150000;9600665395;S
20240215;100657;0.024510000;10000;9600665731;B
20240215;100658;0.024505000;150000;9600665869;S
20240215;100658;0.024505000;80000;9600665939;S
20240215;100658;0.024505000;1000000;9600665940;S
20240215;100658;0.024505000;10000;9600665941;S
20240215;100658;0.024505000;1410000;9600665942;S
20240215;100659;0.024505000;20000;9600666104;S
20240215;100700;0.024510000;210000;9600666245;B
20240215;100701;0.024510000;1500000;9600666469;B
20240215;100702;0.024510000;10000;9600666633;B
20240215;100702;0.024510000;10000000;9600666656;B
20240215;100702;0.024510000;10000;9600666688;B
20240215;100703;0.024505000;800000;9600666929;S
20240215;100704;0.024505000;2770000;9600667013;S
20240215;100704;0.024505000;3730000;9600667014;S
20240215;100704;0.024500000;11020000;9600667015;S
20240215;100704;0.024500000;1000000;9600667016;S
20240215;100704;0.024500000;70000;9600667017;S
20240215;100704;0.024500000;5000000;9600667018;S
20240215;100704;0.024500000;30000;9600667019;S
20240215;100704;0.024500000;1000000;9600667020;S
20240215;100704;0.024500000;6210000;9600667021;S
20240215;100704;0.024500000;30000;9600667022;S
20240215;100704;0.024500000;1000000;9600667023;S
20240215;100704;0.024500000;1000000;9600667024;S
20240215;100704;0.024495000;5640000;9600667025;S
20240215;100704;0.024495000;10000;9600667026;S
20240215;100704;0.024495000;10000;9600667027;S
20240215;100704;0.024495000;50000;9600667028;S
20240215;100704;0.024495000;1000000;9600667029;S
20240215;100704;0.024495000;30000;9600667030;S
20240215;100705;0.024500000;20000;9600667256;B
20240215;100708;0.024490000;5640000;9600667782;S
20240215;100708;0.024490000;300000;9600667783;S
20240215;100708;0.024490000;100000;9600667784;S
20240215;100708;0.024490000;300000;9600667785;S
20240215;100708;0.024490000;330000;9600667786;S
20240215;100708;0.024490000;10000000;9600667787;S
20240215;100708;0.024490000;3000000;9600667788;S
20240215;100708;0.024485000;5640000;9600667789;S
20240215;100708;0.024485000;6000000;9600667790;S
20240215;100708;0.024485000;420000;9600667791;S
20240215;100708;0.024485000;1000000;9600667792;S
20240215;100708;0.024485000;30000;9600667793;S
20240215;100708;0.024485000;7350000;9600667794;S
20240215;100708;0.024480000;3180000;9600667795;S
20240215;100708;0.024480000;10000;9600667796;S
20240215;100708;0.024480000;30000;9600667797;S
20240215;100708;0.024480000;6000000;9600667798;S
20240215;100708;0.024480000;1000000;9600667799;S
20240215;100708;0.024480000;15000000;9600667800;S
20240215;100708;0.024480000;10000;9600667801;S
20240215;100708;0.024480000;10000;9600667802;S
20240215;100708;0.024480000;10000;9600667803;S
20240215;100708;0.024480000;100000;9600667804;S
20240215;100708;0.024480000;3000000;9600667805;S
20240215;100708;0.024475000;4000000;9600667808;S
20240215;100709;0.024475000;410000;9600667902;S
20240215;100710;0.024480000;190000;9600667978;B
20240215;100710;0.024485000;3000000;9600668010;S
20240215;100710;0.024485000;50000;9600668011;S
20240215;100710;0.024480000;1000000;9600668012;S
20240215;100710;0.024480000;5640000;9600668013;S
20240215;100710;0.024480000;4090000;9600668014;S
20240215;100710;0.024475000;1230000;9600668015;S
20240215;100710;0.024475000;1630000;9600668016;S
20240215;100710;0.024475000;30000;9600668017;S
20240215;100710;0.024475000;12240000;9600668018;S
20240215;100710;0.024475000;2440000;9600668019;S
20240215;100710;0.024485000;3000000;9600668028;S
20240215;100710;0.024480000;4000000;9600668029;S
20240215;100710;0.024490000;500000;9600668071;B
20240215;100712;0.024485000;3000000;9600668519;S
20240215;100713;0.024490000;10000;9600668637;B
20240215;100713;0.024485000;10000;9600668670;S
20240215;100714;0.024485000;2100000;9600668797;S
20240215;100714;0.024490000;10000;9600668862;B
20240215;100718;0.024485000;800000;9600669488;S
20240215;100718;0.024490000;10000;9600669533;B
20240215;100719;0.024490000;20000;9600669609;B
20240215;100721;0.024490000;10000;9600669938;B
20240215;100721;0.024490000;1000000;9600669988;S
20240215;100721;0.024485000;90000;9600669989;S
20240215;100721;0.024485000;500000;9600669990;S
20240215;100721;0.024485000;5640000;9600669991;S
20240215;100721;0.024485000;1000000;9600669992;S
20240215;100721;0.024485000;2880000;9600669993;S
20240215;100722;0.024485000;1000000;9600670086;S
20240215;100722;0.024485000;5640000;9600670087;S
20240215;100722;0.024485000;2110000;9600670088;S
20240215;100722;0.024485000;560000;9600670164;S
20240215;100724;0.024485000;110000;9600670397;S
20240215;100725;0.024485000;10000;9600670519;S
20240215;100726;0.024495000;160000;9600670660;B
20240215;100726;0.024495000;10000;9600670661;B
20240215;100727;0.024495000;3000000;9600670903;B
20240215;100727;0.024500000;4500000;9600670904;B
20240215;100728;0.024500000;20000;9600671052;B
20240215;100728;0.024500000;370000;9600671069;B
20240215;100728;0.024500000;120000;9600671070;B
20240215;100731;0.024495000;180000;9600671411;S
20240215;100732;0.024495000;10000;9600671480;S
20240215;100733;0.024495000;70000;9600671610;S
20240215;100734;0.024500000;10000;9600671702;B
20240215;100735;0.024500000;90000;9600671841;B
20240215;100735;0.024500000;20000;9600671954;B
20240215;100736;0.024500000;40000;9600672082;B
20240215;100738;0.024500000;1580000;9600672346;B
20240215;100740;0.024500000;10000;9600672556;B
20240215;100740;0.024495000;930000;9600672599;S
20240215;100740;0.024495000;3000000;9600672600;S
20240215;100740;0.024495000;150000;9600672601;S
20240215;100741;0.024495000;10000;9600672777;S
20240215;100742;0.024495000;10000;9600672925;S
20240215;100744;0.024500000;10000;9600673169;B
20240215;100744;0.024505000;10000;9600673170;B
20240215;100745;0.024495000;300000;9600673244;S
20240215;100745;0.024495000;530000;9600673249;S
20240215;100745;0.024495000;1000000;9600673250;S
20240215;100745;0.024495000;470000;9600673251;S
20240215;100746;0.024495000;3750000;9600673342;S
20240215;100746;0.024495000;3000000;9600673343;S
20240215;100746;0.024490000;1000000;9600673344;S
20240215;100746;0.024490000;2250000;9600673345;S
20240215;100746;0.024490000;2000000;9600673463;S
20240215;100746;0.024490000;1100000;9600673464;S
20240215;100746;0.024490000;1000000;9600673465;S
20240215;100747;0.024490000;120000;9600673588;B
20240215;100748;0.024485000;10000;9600673609;S
20240215;100748;0.024490000;200000;9600673634;B
20240215;100749;0.024490000;10000;9600673771;B
20240215;100749;0.024485000;200000;9600673830;S
20240215;100749;0.024485000;4090000;9600673831;S
20240215;100749;0.024485000;5640000;9600673832;S
20240215;100749;0.024485000;210000;9600673833;S
20240215;100749;0.024485000;170000;9600673834;S
20240215;100749;0.024485000;500000;9600673835;S
20240215;100749;0.024485000;1400000;9600673836;S
20240215;100749;0.024485000;5090000;9600673837;S
20240215;100749;0.024480000;1640000;9600673838;S
20240215;100749;0.024480000;1060000;9600673839;S
20240215;100750;0.024490000;100000;9600673946;B
20240215;100750;0.024490000;10000;9600674009;B
20240215;100753;0.024490000;90000;9600674291;B
20240215;100753;0.024485000;3000000;9600674310;S
20240215;100753;0.024480000;4940000;9600674311;S
20240215;100753;0.024480000;1060000;9600674312;S
20240215;100756;0.024490000;20000;9600674628;B
20240215;100757;0.024485000;500000;9600674733;B
20240215;100758;0.024485000;800000;9600674841;B
20240215;100758;0.024485000;100000;9600674842;B
20240215;100800;0.024485000;10000;9600675080;B
20240215;100800;0.024480000;10000000;9600675181;S
20240215;100802;0.024480000;20000;9600675506;S
20240215;100804;0.024480000;2400000;9600675744;S
20240215;100807;0.024485000;10000;9600676139;B
20240215;100808;0.024485000;2650000;9600676258;B
20240215;100808;0.024485000;1000000;9600676259;B
20240215;100808;0.024490000;1350000;9600676260;B
20240215;100810;0.024490000;20000;9600676505;B
20240215;100812;0.024490000;500000;9600676668;B
20240215;100813;0.024490000;40000;9600676846;B
20240215;100814;0.024490000;40000;9600677024;B
20240215;100815;0.024490000;200000;9600677136;B
20240215;100816;0.024485000;40000;9600677182;S
20240215;100816;0.024490000;9330000;9600677199;B
20240215;100816;0.024490000;1000000;9600677200;B
20240215;100816;0.024490000;1170000;9600677201;B
20240215;100816;0.024490000;5780000;9600677202;B
20240215;100816;0.024495000;730000;9600677203;B
20240215;100816;0.024495000;270000;9600677241;B
20240215;100816;0.024495000;230000;9600677242;B
20240215;100817;0.024495000;120000;9600677331;B
20240215;100819;0.024495000;10000;9600677632;B
20240215;100823;0.024490000;10000;9600678110;S
20240215;100824;0.024495000;10000;9600678179;B
20240215;100825;0.024490000;40000;9600678281;S
20240215;100825;0.024490000;60000;9600678282;S
20240215;100825;0.024490000;40000;9600678283;S
20240215;100825;0.024490000;20000;9600678284;S
20240215;100825;0.024490000;50000;9600678285;S
20240215;100825;0.024490000;50000;9600678286;S
20240215;100825;0.024490000;60000;9600678287;S
20240215;100825;0.024490000;250000;9600678288;S
20240215;100825;0.024490000;170000;9600678289;S
20240215;100825;0.024490000;10000;9600678290;S
20240215;100825;0.024485000;50000;9600678291;S
20240215;100825;0.024490000;50000;9600678297;B
20240215;100825;0.024485000;30000;9600678304;S
20240215;100825;0.024490000;40000;9600678323;B
20240215;100826;0.024490000;60000;9600678355;B
20240215;100828;0.024485000;10000;9600678730;S
20240215;100828;0.024485000;60000;9600678789;S
20240215;100829;0.024485000;1200000;9600678805;S
20240215;100829;0.024480000;40000;9600678806;S
20240215;100829;0.024480000;50000;9600678807;S
20240215;100829;0.024480000;20000;9600678808;S
20240215;100829;0.024480000;20000;9600678809;S
20240215;100829;0.024480000;10000000;9600678810;S
20240215;100829;0.024480000;1500000;9600678811;S
20240215;100829;0.024480000;4080000;9600678812;S
20240215;100829;0.024480000;1990000;9600678813;S
20240215;100829;0.024480000;5640000;9600678814;S
20240215;100829;0.024480000;1000000;9600678815;S
20240215;100829;0.024475000;30000;9600678816;S
20240215;100829;0.024475000;5640000;9600678817;S
20240215;100829;0.024475000;6000000;9600678818;S
20240215;100829;0.024475000;10000000;9600678819;S
20240215;100829;0.024475000;2000000;9600678820;S
20240215;100829;0.024475000;10000;9600678821;S
20240215;100829;0.024475000;10000;9600678822;S
20240215;100829;0.024475000;10000;9600678823;S
20240215;100829;0.024475000;10000;9600678824;S
20240215;100829;0.024475000;10000;9600678825;S
20240215;100829;0.024475000;10000;9600678826;S
20240215;100829;0.024475000;1000000;9600678827;S
20240215;100829;0.024470000;5640000;9600678828;S
20240215;100829;0.024470000;6000000;9600678829;S
20240215;100829;0.024470000;400000;9600678830;S
20240215;100829;0.024470000;20000000;9600678831;S
20240215;100829;0.024470000;10000;9600678832;S
20240215;100829;0.024470000;7500000;9600678833;S
20240215;100829;0.024470000;1000000;9600678834;S
20240215;100829;0.024465000;5640000;9600678835;S
20240215;100829;0.024465000;6000000;9600678836;S
20240215;100829;0.024465000;100000;9600678837;S
20240215;100829;0.024465000;10000;9600678838;S
20240215;100829;0.024465000;1000000;9600678839;S
20240215;100829;0.024465000;8920000;9600678840;S
20240215;100829;0.024470000;900000;9600678841;S
20240215;100829;0.024470000;2100000;9600678848;S
20240215;100829;0.024470000;5400000;9600678849;S
20240215;100829;0.024480000;100000;9600678909;B
20240215;100829;0.024480000;10000;9600678968;B
20240215;100829;0.024470000;10000;9600679002;S
20240215;100833;0.024475000;10000;9600679655;S
20240215;100835;0.024480000;10000;9600679832;B
20240215;100835;0.024475000;620000;9600679857;S
20240215;100835;0.024470000;2380000;9600679858;S
20240215;100835;0.024480000;880000;9600679900;B
20240215;100835;0.024480000;10000;9600679901;B
20240215;100835;0.024480000;110000;9600679902;B
20240215;100836;0.024480000;30000;9600679929;B
20240215;100836;0.024480000;400000;9600679942;B
20240215;100838;0.024480000;10000;9600680352;B
20240215;100841;0.024485000;10000;9600680725;B
20240215;100841;0.024490000;10000;9600680799;B
20240215;100844;0.024480000;400000;9600681029;S
20240215;100845;0.024480000;20000;9600681122;S
20240215;100845;0.024480000;390000;9600681189;S
20240215;100845;0.024475000;1000000;9600681190;S
20240215;100845;0.024475000;320000;9600681191;S
20240215;100845;0.024475000;190000;9600681213;B
20240215;100846;0.024480000;20000;9600681357;B
20240215;100846;0.024480000;30000;9600681363;B
20240215;100846;0.024485000;1970000;9600681364;B
20240215;100848;0.024485000;10000;9600681501;B
20240215;100848;0.024485000;210000;9600681541;B
20240215;100849;0.024485000;20000;9600681601;B
20240215;100849;0.024485000;30000;9600681607;B
20240215;100852;0.024485000;10000;9600681972;B
20240215;100852;0.024480000;3000000;9600681973;S
20240215;100852;0.024480000;160000;9600681974;S
20240215;100853;0.024480000;10000;9600682102;B
20240215;100853;0.024480000;50000;9600682146;B
20240215;100853;0.024480000;200000;9600682171;B
20240215;100854;0.024480000;500000;9600682196;B
20240215;100855;0.024480000;130000;9600682289;B
20240215;100855;0.024475000;14810000;9600682332;S
20240215;100855;0.024475000;3000000;9600682333;S
20240215;100855;0.024470000;120000;9600682334;S
20240215;100855;0.024470000;30000;9600682335;S
20240215;100855;0.024470000;10040000;9600682336;S
20240215;100855;0.024480000;10000;9600682366;B
20240215;100856;0.024475000;10000;9600682445;S
20240215;100857;0.024480000;20000;9600682471;B
20240215;100858;0.024475000;50000;9600682543;S
20240215;100859;0.024475000;10000;9600682706;S
20240215;100859;0.024480000;10000;9600682732;B
20240215;100905;0.024475000;50000;9600683867;S
20240215;100907;0.024475000;100000;9600684108;S
20240215;100907;0.024475000;50000;9600684109;S
20240215;100907;0.024475000;30000;9600684113;S
20240215;100909;0.024480000;10000;9600684326;B
20240215;100911;0.024475000;10000;9600684544;B
20240215;100911;0.024475000;3990000;9600684545;B
20240215;100911;0.024475000;20000;9600684551;B
20240215;100913;0.024475000;40000;9600684821;S
20240215;100913;0.024470000;760000;9600684822;S
20240215;100916;0.024475000;10000;9600685199;S
20240215;100918;0.024480000;10000;9600685851;B
20240215;100920;0.024480000;550000;9600686106;B
20240215;100920;0.024480000;50000;9600686107;B
20240215;100920;0.024480000;1400000;9600686108;B
20240215;100920;0.024475000;10000;9600686114;S
20240215;100920;0.024480000;50000;9600686138;B
20240215;100922;0.024480000;1550000;9600686362;B
20240215;100922;0.024480000;1000000;9600686363;B
20240215;100922;0.024480000;2450000;9600686364;B
20240215;100925;0.024475000;20000;9600686723;S
20240215;100925;0.024475000;340000;9600686769;S
20240215;100925;0.024475000;1660000;9600686835;S
20240215;100925;0.024470000;3680000;9600686836;S
20240215;100925;0.024470000;10000;9600686840;S
20240215;100929;0.024480000;80000;9600687681;B
20240215;100930;0.024470000;100000;9600687736;S
20240215;100930;0.024480000;920000;9600687738;B
20240215;100930;0.024480000;2830000;9600687739;B
20240215;100932;0.024480000;170000;9600688086;B
20240215;100932;0.024480000;830000;9600688087;B
20240215;100935;0.024475000;10000;9600688436;S
20240215;100935;0.024475000;290000;9600688437;S
20240215;100935;0.024475000;210000;9600688469;S
20240215;100935;0.024475000;60000;9600688470;S
20240215;100938;0.024475000;190000;9600688938;S
20240215;100939;0.024475000;20000;9600689049;S
20240215;100942;0.024475000;10000;9600689420;S
20240215;100944;0.024475000;410000;9600689680;S
20240215;100946;0.024480000;10000;9600690000;B
20240215;100946;0.024480000;10000;9600690028;B
20240215;100948;0.024475000;3390000;9600690334;S
20240215;100948;0.024475000;2170000;9600690340;B
20240215;100948;0.024475000;4780000;9600690341;B
20240215;100948;0.024480000;11400000;9600690342;B
20240215;100948;0.024480000;1000000;9600690343;B
20240215;100948;0.024480000;3000000;9600690344;B
20240215;100948;0.024480000;20000000;9600690345;B
20240215;100948;0.024480000;110000;9600690346;B
20240215;100948;0.024480000;4000000;9600690347;B
20240215;100948;0.024480000;590000;9600690348;B
20240215;100948;0.024485000;940000;9600690349;B
20240215;100948;0.024490000;840000;9600690350;B
20240215;100948;0.024490000;6000000;9600690351;B
20240215;100948;0.024490000;170000;9600690352;B
20240215;100949;0.024475000;30000;9600690462;S
20240215;100951;0.024480000;30000;9600690782;B
20240215;100951;0.024480000;50000;9600690806;B
20240215;100952;0.024480000;30000;9600690854;B
20240215;100953;0.024475000;20000;9600691136;S
20240215;100954;0.024480000;200000;9600691545;B
20240215;100956;0.024480000;100000;9600691970;B
20240215;100956;0.024475000;10000;9600692062;S
20240215;100958;0.024475000;120000;9600692325;S
20240215;100958;0.024480000;10000;9600692356;B
20240215;101001;0.024480000;100000;9600692943;B
20240215;101002;0.024475000;40000;9600693136;S
20240215;101002;0.024480000;10000;9600693145;B
20240215;101002;0.024480000;20000;9600693165;B
20240215;101002;0.024475000;30000;9600693248;S
20240215;101006;0.024480000;50000;9600693823;B
20240215;101007;0.024475000;780000;9600693879;S
20240215;101007;0.024475000;20000;9600693880;S
20240215;101007;0.024475000;20000;9600693881;S
20240215;101007;0.024475000;1180000;9600693882;S
20240215;101007;0.024480000;70000;9600693931;B
20240215;101008;0.024480000;50000;9600694201;B
20240215;101010;0.024480000;10000;9600694376;B
20240215;101010;0.024480000;4350000;9600694389;B
20240215;101010;0.024480000;150000;9600694390;B
20240215;101010;0.024480000;10000;9600694391;B
20240215;101010;0.024480000;490000;9600694392;B
20240215;101011;0.024475000;3000000;9600694537;S
20240215;101011;0.024475000;1000000;9600694538;S
20240215;101011;0.024470000;16170000;9600694539;S
20240215;101012;0.024480000;100000;9600694663;B
20240215;101014;0.024480000;3990000;9600695059;B
20240215;101014;0.024480000;1010000;9600695060;B
20240215;101015;0.024475000;50000;9600695115;S
20240215;101016;0.024485000;10000;9600695183;B
20240215;101016;0.024475000;30000;9600695188;S
20240215;101019;0.024475000;30000;9600695534;S
20240215;101022;0.024485000;10000;9600696166;B
20240215;101022;0.024485000;50000;9600696203;B
20240215;101022;0.024480000;200000;9600696222;S
20240215;101022;0.024480000;20000;9600696223;S
20240215;101023;0.024475000;10000;9600696431;S
20240215;101024;0.024480000;480000;9600696595;B
20240215;101024;0.024480000;120000;9600696596;B
20240215;101026;0.024480000;880000;9600697114;B
20240215;101026;0.024480000;4440000;9600697115;B
20240215;101026;0.024480000;11620000;9600697116;B
20240215;101026;0.024480000;2500000;9600697224;B
20240215;101030;0.024475000;10000;9600697993;S
20240215;101030;0.024470000;10000;9600697994;S
20240215;101032;0.024475000;10000;9600698325;S
20240215;101032;0.024470000;300000;9600698326;S
20240215;101032;0.024480000;500000;9600698398;B
20240215;101032;0.024480000;1000000;9600698399;B
20240215;101032;0.024480000;40000;9600698400;B
20240215;101032;0.024480000;460000;9600698401;B
20240215;101032;0.024480000;1000000;9600698412;B
20240215;101033;0.024480000;10000;9600698500;B
20240215;101034;0.024480000;10000;9600698651;B
20240215;101034;0.024480000;30000;9600698653;B
20240215;101034;0.024480000;20000;9600698654;B
20240215;101034;0.024480000;10000;9600698754;B
20240215;101036;0.024480000;10000;9600698939;B
20240215;101037;0.024480000;40000;9600699092;B
20240215;101038;0.024480000;70000;9600699167;B
20240215;101039;0.024480000;140000;9600699345;B
20240215;101039;0.024480000;10000;9600699348;B
20240215;101040;0.024480000;10000;9600699517;B
20240215;101040;0.024480000;60000;9600699661;B
20240215;101041;0.024480000;20000;9600699829;B
20240215;101043;0.024480000;360000;9600700216;B
20240215;101044;0.024480000;10000;9600700309;B
20240215;101044;0.024480000;20000;9600700366;B
20240215;101045;0.024470000;20000;9600700444;S
20240215;101045;0.024480000;10000;9600700539;B
20240215;101045;0.024470000;800000;9600700541;S
20240215;101048;0.024470000;100000;9600700935;S
20240215;101049;0.024480000;200000;9600701074;B
20240215;101049;0.024470000;70000;9600701123;S
20240215;101049;0.024480000;20000;9600701201;B
20240215;101050;0.024480000;20000;9600701296;B
20240215;101051;0.024480000;400000;9600701378;B
20240215;101052;0.024475000;150000;9600701551;S
20240215;101052;0.024475000;1000000;9600701562;B
20240215;101052;0.024480000;10000;9600701610;B
20240215;101053;0.024480000;600000;9600701695;B
20240215;101053;0.024480000;40000;9600701730;B
20240215;101053;0.024475000;10000;9600701756;S
20240215;101056;0.024480000;200000;9600702028;B
20240215;101056;0.024480000;10000;9600702035;B
20240215;101058;0.024475000;20000;9600702242;B
20240215;101100;0.024475000;10000;9600702501;B
20240215;101100;0.024480000;20000;9600702619;B
20240215;101101;0.024470000;300000;9600702659;S
20240215;101102;0.024475000;10000;9600702859;B
20240215;101102;0.024470000;170000;9600703003;S
20240215;101103;0.024470000;780000;9600703094;S
20240215;101103;0.024475000;20000;9600703107;B
20240215;101106;0.024475000;30000;9600703549;B
20240215;101106;0.024470000;6690000;9600703553;S
20240215;101106;0.024470000;3500000;9600703554;S
20240215;101106;0.024470000;100000;9600703555;S
20240215;101106;0.024470000;50000;9600703556;S
20240215;101106;0.024470000;10000;9600703557;S
20240215;101106;0.024470000;10000;9600703558;S
20240215;101106;0.024470000;50000;9600703559;S
20240215;101106;0.024470000;14220000;9600703560;S
20240215;101106;0.024475000;10000;9600703594;B
20240215;101106;0.024470000;200000;9600703605;S
20240215;101108;0.024475000;170000;9600703790;B
20240215;101109;0.024470000;27280000;9600704060;S
20240215;101109;0.024470000;10000;9600704061;S
20240215;101110;0.024470000;15000000;9600704151;S
20240215;101110;0.024475000;2760000;9600704220;B
20240215;101110;0.024475000;4580000;9600704221;B
20240215;101110;0.024475000;1000000;9600704222;B
20240215;101110;0.024475000;5740000;9600704223;B
20240215;101110;0.024480000;13480000;9600704224;B
20240215;101110;0.024480000;1250000;9600704225;B
20240215;101110;0.024480000;1000000;9600704226;B
20240215;101110;0.024480000;1250000;9600704227;B
20240215;101110;0.024480000;4000000;9600704228;B
20240215;101110;0.024480000;6000000;9600704229;B
20240215;101110;0.024480000;12250000;9600704230;B
20240215;101110;0.024480000;1500000;9600704238;S
20240215;101112;0.024480000;300000;9600704465;S
20240215;101113;0.024485000;120000;9600704652;B
20240215;101113;0.024480000;420000;9600704678;S
20240215;101114;0.024485000;230000;9600704823;B
20240215;101115;0.024485000;100000;9600705063;B
20240215;101115;0.024485000;10000;9600705065;B
20240215;101117;0.024480000;30000;9600705340;S
20240215;101117;0.024480000;540000;9600705350;S
20240215;101119;0.024480000;50000;9600705568;S
20240215;101120;0.024480000;70000;9600705766;S
20240215;101121;0.024480000;50000;9600705917;S
20240215;101121;0.024480000;90000;9600705994;S
20240215;101122;0.024485000;270000;9600706373;B
20240215;101122;0.024485000;7400000;9600706376;B
20240215;101123;0.024480000;10000;9600706560;S
20240215;101124;0.024485000;30000;9600706659;B
20240215;101124;0.024480000;80000;9600706700;S
20240215;101124;0.024480000;5000000;9600706701;S
20240215;101124;0.024485000;50000;9600706702;B
20240215;101126;0.024485000;180000;9600706875;B
20240215;101132;0.024485000;70000;9600708005;B
20240215;101133;0.024480000;80000;9600708053;S
20240215;101134;0.024485000;100000;9600708222;B
20240215;101134;0.024485000;120000;9600708236;B
20240215;101136;0.024480000;2040000;9600708458;S
20240215;101136;0.024485000;50000;9600708496;B
20240215;101137;0.024480000;70000;9600708549;S
20240215;101137;0.024480000;100000;9600708602;S
20240215;101137;0.024485000;10000;9600708659;B
20240215;101139;0.024480000;20000;9600708865;S
20240215;101140;0.024480000;15000000;9600708979;S
20240215;101140;0.024480000;70000;9600708988;S
20240215;101140;0.024485000;10000;9600708991;B
20240215;101140;0.024485000;20000;9600709006;B
20240215;101140;0.024485000;20000;9600709010;B
20240215;101141;0.024485000;130000;9600709051;B
20240215;101141;0.024480000;60000;9600709094;S
20240215;101141;0.024485000;2290000;9600709095;B
20240215;101141;0.024485000;250000;9600709096;B
20240215;101142;0.024485000;10000;9600709242;B
20240215;101145;0.024485000;10000;9600709623;B
20240215;101145;0.024480000;60000;9600709659;S
20240215;101145;0.024480000;6000000;9600709660;S
20240215;101145;0.024485000;10000;9600709716;B
20240215;101146;0.024485000;720000;9600709752;B
20240215;101146;0.024485000;480000;9600709753;B
20240215;101146;0.024480000;310000;9600709799;S
20240215;101146;0.024485000;100000;9600709803;B
20240215;101146;0.024485000;4900000;9600709804;B
20240215;101146;0.024480000;12320000;9600709806;S
20240215;101146;0.024480000;50000;9600709819;S
20240215;101147;0.024485000;10000;9600709988;B
20240215;101148;0.024480000;5000000;9600710024;S
20240215;101148;0.024480000;10000;9600710044;S
20240215;101149;0.024480000;150000;9600710243;S
20240215;101150;0.024480000;10000;9600710340;S
20240215;101150;0.024480000;50000;9600710366;S
20240215;101150;0.024485000;1090000;9600710411;B
20240215;101150;0.024485000;810000;9600710412;B
20240215;101152;0.024485000;10000;9600710647;B
20240215;101155;0.024485000;20000;9600711129;B
20240215;101156;0.024480000;50000;9600711186;S
20240215;101159;0.024485000;100000;9600711734;B
20240215;101159;0.024480000;3720000;9600711739;S
20240215;101200;0.024480000;12320000;9600711815;S
20240215;101202;0.024480000;5000000;9600712204;S
20240215;101202;0.024480000;40000;9600712293;S
20240215;101203;0.024480000;40000;9600712314;S
20240215;101203;0.024485000;500000;9600712429;B
20240215;101203;0.024480000;75980000;9600712440;S
20240215;101203;0.024480000;1000000;9600712441;S
20240215;101203;0.024480000;1000000;9600712442;S
20240215;101203;0.024480000;2870000;9600712443;S
20240215;101203;0.024480000;50000;9600712444;S
20240215;101204;0.024475000;1000000;9600712488;S
20240215;101204;0.024475000;30000;9600712489;S
20240215;101204;0.024475000;3970000;9600712490;S
20240215;101204;0.024480000;2870000;9600712564;B
20240215;101204;0.024480000;1000000;9600712606;B
20240215;101204;0.024475000;40000;9600712609;S
20240215;101204;0.024480000;20000;9600712634;B
20240215;101205;0.024480000;4000000;9600712849;B
20240215;101206;0.024480000;100000;9600712893;B
20240215;101206;0.024480000;30000;9600712912;B
20240215;101207;0.024480000;1000000;9600713119;B
20240215;101207;0.024475000;10000;9600713125;S
20240215;101208;0.024475000;40000;9600713191;S
20240215;101208;0.024480000;10000;9600713252;B
20240215;101209;0.024480000;100000;9600713351;B
20240215;101209;0.024475000;10000000;9600713420;S
20240215;101210;0.024480000;10000;9600713467;B
20240215;101210;0.024475000;30000;9600713605;S
20240215;101211;0.024480000;20000;9600713751;B
20240215;101215;0.024475000;30000;9600714447;S
20240215;101215;0.024480000;5000000;9600714486;B
20240215;101216;0.024480000;50000;9600714816;B
20240215;101216;0.024480000;40000;9600714820;B
20240215;101217;0.024480000;10000;9600714834;B
20240215;101217;0.024475000;30000;9600714897;S
20240215;101218;0.024480000;1600000;9600715114;B
20240215;101220;0.024475000;25000000;9600715487;S
20240215;101221;0.024475000;30000;9600715528;S
20240215;101221;0.024475000;1000000;9600715529;S
20240215;101224;0.024475000;10000;9600716173;S
20240215;101224;0.024480000;10000;9600716244;B
20240215;101225;0.024475000;20000;9600716295;S
20240215;101225;0.024475000;30000;9600716342;S
20240215;101226;0.024475000;40000;9600716400;S
20240215;101228;0.024475000;150000;9600716656;S
20240215;101229;0.024480000;100000;9600716762;B
20240215;101229;0.024475000;20000;9600716765;S
20240215;101229;0.024475000;30000;9600716924;S
20240215;101230;0.024480000;10000;9600716997;B
20240215;101232;0.024475000;9090000;9600717192;S
20240215;101233;0.024475000;10000;9600717452;S
20240215;101233;0.024475000;840000;9600717453;S
20240215;101234;0.024480000;90000;9600717492;B
20240215;101234;0.024480000;110000;9600717493;B
20240215;101234;0.024475000;20000;9600717494;S
20240215;101234;0.024475000;50000;9600717686;S
20240215;101235;0.024475000;820000;9600717755;S
20240215;101235;0.024475000;20000;9600717802;S
20240215;101235;0.024480000;250000;9600717809;B
20240215;101235;0.024475000;1520000;9600717810;S
20240215;101236;0.024480000;1000000;9600717843;B
20240215;101236;0.024480000;250000;9600717852;B
20240215;101236;0.024475000;20000;9600717876;S
20240215;101236;0.024480000;10000;9600717936;B
20240215;101237;0.024475000;40000;9600717951;S
20240215;101237;0.024475000;40000;9600717955;S
20240215;101237;0.024480000;1000000;9600717991;B
20240215;101237;0.024475000;20000;9600718011;S
20240215;101240;0.024475000;10000;9600718338;S
20240215;101240;0.024475000;10000;9600718347;S
20240215;101242;0.024475000;2110000;9600718555;S
20240215;101244;0.024475000;120000;9600718858;S
20240215;101244;0.024475000;20000;9600718892;S
20240215;101244;0.024480000;230000;9600718976;B
20240215;101244;0.024480000;20000;9600718988;B
20240215;101247;0.024480000;9380000;9600719347;B
20240215;101247;0.024480000;4090000;9600719348;B
20240215;101247;0.024480000;2380000;9600719349;B
20240215;101247;0.024480000;150000;9600719350;B
20240215;101247;0.024475000;20000;9600719409;S
20240215;101249;0.024475000;50000;9600719563;S
20240215;101250;0.024480000;120000;9600719738;B
20240215;101250;0.024480000;3970000;9600719826;B
20240215;101250;0.024480000;1030000;9600719827;B
20240215;101250;0.024475000;20000;9600719830;S
20240215;101250;0.024480000;20000;9600719832;B
20240215;101251;0.024480000;10000;9600719964;B
20240215;101251;0.024475000;20000;9600720006;S
20240215;101253;0.024480000;160000;9600720242;B
20240215;101255;0.024480000;110000;9600720384;B
20240215;101256;0.024480000;70000;9600720554;B
20240215;101256;0.024475000;20000;9600720572;S
20240215;101257;0.024475000;10000;9600720604;S
20240215;101258;0.024480000;330000;9600720813;B
20240215;101258;0.024480000;10000;9600720829;B
20240215;101259;0.024475000;6000000;9600720929;S
20240215;101300;0.024480000;40000;9600721103;B
20240215;101300;0.024475000;10000;9600721154;S
20240215;101304;0.024480000;10000;9600721496;B
20240215;101305;0.024475000;200000;9600721705;S
20240215;101306;0.024475000;400000;9600721706;S
20240215;101306;0.024480000;1800000;9600721759;B
20240215;101306;0.024475000;10000;9600721777;S
20240215;101307;0.024480000;1000000;9600721834;B
20240215;101309;0.024480000;10000;9600722102;B
20240215;101309;0.024480000;10000;9600722103;B
20240215;101309;0.024480000;10000;9600722111;B
20240215;101309;0.024475000;10000;9600722131;S
20240215;101310;0.024475000;20000;9600722162;S
20240215;101313;0.024480000;1040000;9600722667;B
20240215;101314;0.024475000;250000;9600722747;S
20240215;101316;0.024480000;200000;9600723165;B
20240215;101317;0.024475000;10000;9600723190;S
20240215;101317;0.024480000;10000;9600723229;B
20240215;101317;0.024480000;40000;9600723304;B
20240215;101319;0.024475000;10000;9600723481;S
20240215;101320;0.024475000;10000;9600723601;S
20240215;101320;0.024475000;10000;9600723614;S
20240215;101320;0.024475000;10000;9600723620;S
20240215;101320;0.024475000;8170000;9600723643;S
20240215;101321;0.024475000;10000;9600723696;S
20240215;101324;0.024480000;20000;9600724058;B
20240215;101325;0.024475000;10000;9600724084;S
20240215;101326;0.024475000;90000;9600724260;S
20240215;101326;0.024475000;60000;9600724261;S
20240215;101328;0.024475000;20000;9600724901;S
20240215;101331;0.024475000;2500000;9600725312;S
20240215;101331;0.024475000;10000;9600725399;S
20240215;101332;0.024475000;2480000;9600725430;S
20240215;101332;0.024480000;30000;9600725488;B
20240215;101332;0.024475000;1720000;9600725515;S
20240215;101335;0.024480000;150000;9600725921;B
20240215;101335;0.024480000;350000;9600725922;B
20240215;101335;0.024475000;10000;9600725947;S
20240215;101335;0.024480000;20000;9600725969;B
20240215;101336;0.024480000;10000;9600726116;B
20240215;101339;0.024475000;10000;9600726554;S
20240215;101339;0.024475000;900000;9600726573;S
20240215;101339;0.024475000;10000;9600726705;S
20240215;101339;0.024480000;10000;9600726746;B
20240215;101342;0.024475000;10000;9600727289;S
20240215;101342;0.024475000;10000;9600727290;S
20240215;101342;0.024475000;40000;9600727291;S
20240215;101342;0.024475000;10000;9600727360;S
20240215;101343;0.024475000;70000;9600727579;S
20240215;101344;0.024475000;20000;9600727743;S
20240215;101346;0.024480000;60000;9600728102;B
20240215;101346;0.024475000;10000;9600728128;S
20240215;101348;0.024475000;550000;9600728256;S
20240215;101348;0.024475000;2090000;9600728308;S
20240215;101348;0.024475000;10000;9600728334;S
20240215;101354;0.024475000;200000;9600729401;S
20240215;101354;0.024475000;10000;9600729402;S
20240215;101354;0.024475000;20000;9600729403;S
20240215;101354;0.024480000;200000;9600729411;B
20240215;101354;0.024475000;10000;9600729445;S
20240215;101357;0.024480000;20000;9600729921;B
20240215;101358;0.024475000;10000;9600729983;S
20240215;101359;0.024475000;4080000;9600730148;S
20240215;101359;0.024475000;10000;9600730163;S
20240215;101359;0.024480000;110000;9600730227;B
20240215;101359;0.024475000;880000;9600730228;S
20240215;101400;0.024475000;30000;9600730422;S
20240215;101401;0.024475000;40000;9600730557;S
20240215;101401;0.024475000;10000;9600730558;S
20240215;101401;0.024480000;2000000;9600730607;B
20240215;101402;0.024480000;720000;9600730699;B
20240215;101402;0.024480000;2050000;9600730802;B
20240215;101404;0.024480000;80000;9600731027;B
20240215;101405;0.024475000;2420000;9600731238;S
20240215;101405;0.024480000;50000;9600731255;B
20240215;101406;0.024480000;60000;9600731341;B
20240215;101407;0.024475000;70000;9600731434;S
20240215;101410;0.024480000;10000;9600732014;B
20240215;101410;0.024475000;10000000;9600732044;S
20240215;101411;0.024480000;10000;9600732049;B
20240215;101414;0.024475000;50000;9600732999;S
20240215;101416;0.024480000;50000;9600733292;B
20240215;101417;0.024480000;80000;9600733475;B
20240215;101419;0.024475000;30000;9600734006;S
20240215;101419;0.024480000;520000;9600734016;B
20240215;101420;0.024475000;10000;9600734022;S
20240215;101420;0.024480000;20000;9600734066;B
20240215;101424;0.024475000;10000;9600734674;S
20240215;101425;0.024480000;80000;9600734872;B
20240215;101428;0.024480000;10000;9600735225;B
20240215;101429;0.024475000;60000;9600735295;S
20240215;101429;0.024475000;10000000;9600735298;S
20240215;101429;0.024480000;510000;9600735352;B
20240215;101431;0.024475000;830000;9600735580;S
20240215;101431;0.024480000;90000;9600735606;B
20240215;101435;0.024475000;1000000;9600736246;S
20240215;101436;0.024480000;100000;9600736288;B
20240215;101438;0.024480000;3280000;9600736535;B
20240215;101438;0.024480000;7720000;9600736536;B
20240215;101438;0.024475000;410000;9600736624;S
20240215;101440;0.024480000;50000;9600736802;B
20240215;101441;0.024475000;50000;9600736879;S
20240215;101443;0.024475000;40000;9600737062;S
20240215;101443;0.024475000;10000;9600737165;S
20240215;101445;0.024480000;10000;9600737410;B
20240215;101447;0.024475000;100000;9600737715;S
20240215;101447;0.024480000;200000;9600737781;B
20240215;101448;0.024475000;14370000;9600737874;S
20240215;101449;0.024480000;20000;9600738216;B
20240215;101450;0.024475000;30000;9600738381;S
20240215;101450;0.024475000;50000;9600738453;S
20240215;101451;0.024480000;10000;9600738846;B
20240215;101453;0.024475000;600000;9600739152;S
20240215;101453;0.024475000;100000;9600739202;S
20240215;101454;0.024475000;10000;9600739323;S
20240215;101455;0.024475000;60000;9600739482;S
20240215;101457;0.024475000;40000000;9600739658;S
20240215;101457;0.024475000;2000000;9600739659;S
20240215;101457;0.024475000;10000;9600739704;S
20240215;101458;0.024480000;10000;9600739955;B
20240215;101501;0.024475000;10000;9600740411;S
20240215;101502;0.024475000;10000;9600740561;S
20240215;101502;0.024475000;10000;9600740607;S
20240215;101504;0.024480000;30000;9600740883;B
20240215;101504;0.024475000;10000;9600740890;S
20240215;101504;0.024475000;250000;9600740895;S
20240215;101504;0.024480000;40000;9600740945;B
20240215;101505;0.024475000;800000;9600741055;S
20240215;101506;0.024480000;10000;9600741391;B
20240215;101507;0.024480000;20000;9600741562;B
20240215;101507;0.024475000;3990000;9600741772;S
20240215;101508;0.024480000;70000;9600741962;B
20240215;101509;0.024475000;10000;9600742037;S
20240215;101510;0.024480000;10000;9600742204;B
20240215;101511;0.024475000;10000;9600742415;S
20240215;101512;0.024475000;10000;9600742662;S
20240215;101513;0.024475000;10000;9600742838;S
20240215;101515;0.024475000;680000;9600743558;S
20240215;101515;0.024480000;130000;9600743568;B
20240215;101516;0.024475000;310000;9600743675;S
20240215;101516;0.024475000;37400000;9600743821;S
20240215;101517;0.024475000;41020000;9600743999;S
20240215;101517;0.024475000;2500000;9600744000;S
20240215;101517;0.024475000;34200000;9600744001;S
20240215;101517;0.024475000;50000;9600744002;S
20240215;101517;0.024475000;20000;9600744003;S
20240215;101517;0.024475000;10000;9600744004;S
20240215;101517;0.024475000;110000;9600744005;S
20240215;101517;0.024475000;30000;9600744006;S
20240215;101517;0.024475000;2280000;9600744007;S
20240215;101517;0.024475000;520000;9600744008;S
20240215;101517;0.024475000;50000;9600744009;S
20240215;101517;0.024475000;10000;9600744010;S
20240215;101517;0.024475000;2000000;9600744011;S
20240215;101517;0.024475000;60000;9600744012;S
20240215;101517;0.024475000;10000;9600744013;S
20240215;101517;0.024470000;400000;9600744014;S
20240215;101517;0.024470000;190000;9600744081;S
20240215;101518;0.024470000;50000;9600744419;S
20240215;101518;0.024475000;10000;9600744430;B
20240215;101519;0.024470000;15000000;9600744515;S
20240215;101519;0.024475000;10000;9600744640;B
20240215;101519;0.024470000;10000;9600744643;S
20240215;101519;0.024475000;200000;9600744677;B
20240215;101520;0.024475000;40000;9600744898;B
20240215;101522;0.024475000;10000;9600745142;B
20240215;101522;0.024470000;30000;9600745207;S
20240215;101523;0.024470000;10000;9600745442;S
20240215;101523;0.024470000;21100000;9600745533;S
20240215;101523;0.024470000;60000;9600745534;S
20240215;101523;0.024470000;5000000;9600745535;S
20240215;101523;0.024470000;20000;9600745536;S
20240215;101523;0.024470000;5000000;9600745537;S
20240215;101523;0.024470000;1000000;9600745538;S
20240215;101523;0.024470000;150000;9600745539;S
20240215;101523;0.024465000;30000;9600745540;S
20240215;101523;0.024465000;30000;9600745541;S
20240215;101523;0.024465000;10000;9600745542;S
20240215;101523;0.024465000;5000000;9600745543;S
20240215;101523;0.024465000;10000;9600745544;S
20240215;101523;0.024460000;100000;9600745545;S
20240215;101523;0.024460000;30000;9600745546;S
20240215;101523;0.024460000;30000;9600745547;S
20240215;101523;0.024460000;5460000;9600745548;S
20240215;101523;0.024455000;10000;9600745575;S
20240215;101523;0.024455000;10000;9600745576;S
20240215;101523;0.024455000;10000;9600745577;S
20240215;101523;0.024455000;10000;9600745578;S
20240215;101523;0.024455000;130000;9600745579;S
20240215;101523;0.024460000;100000;9600745676;S
20240215;101523;0.024455000;220000;9600745731;S
20240215;101524;0.024455000;150000;9600746108;S
20240215;101524;0.024455000;100000;9600746109;S
20240215;101524;0.024455000;10000;9600746288;S
20240215;101524;0.024465000;3000000;9600746423;B
20240215;101524;0.024465000;1050000;9600746424;B
20240215;101524;0.024460000;1000000;9600746527;S
20240215;101524;0.024460000;30000;9600746528;S
20240215;101524;0.024455000;80000;9600746663;S
20240215;101525;0.024460000;470000;9600747014;B
20240215;101525;0.024460000;3000000;9600747015;B
20240215;101525;0.024460000;580000;9600747017;S
20240215;101525;0.024460000;4050000;9600747018;B
20240215;101525;0.024460000;1820000;9600747019;B
20240215;101525;0.024460000;2230000;9600747020;B
20240215;101525;0.024460000;770000;9600747021;B
20240215;101525;0.024460000;10000;9600747121;S
20240215;101525;0.024460000;10000;9600747412;S
20240215;101526;0.024460000;10000;9600747501;S
20240215;101526;0.024460000;90000;9600747682;S
20240215;101526;0.024460000;3940000;9600747773;S
20240215;101526;0.024455000;10000;9600747774;S
20240215;101526;0.024455000;6000000;9600747775;S
20240215;101526;0.024455000;5050000;9600747776;S
20240215;101529;0.024460000;4050000;9600748513;B
20240215;101529;0.024455000;1000000;9600748521;S
20240215;101530;0.024455000;40000000;9600748570;S
20240215;101530;0.024460000;60000;9600748635;B
20240215;101532;0.024455000;10000;9600749418;S
20240215;101533;0.024455000;190000;9600749547;S
20240215;101534;0.024455000;3750000;9600749931;S
20240215;101534;0.024455000;10000;9600749932;S
20240215;101534;0.024455000;10000;9600749933;S
20240215;101534;0.024455000;10000;9600749934;S
20240215;101534;0.024455000;220000;9600749935;S
20240215;101534;0.024455000;60000;9600749961;S
20240215;101534;0.024460000;10000;9600750063;B
20240215;101535;0.024455000;20000;9600750207;S
20240215;101535;0.024455000;10000;9600750249;S
20240215;101536;0.024455000;20000;9600750435;S
20240215;101536;0.024455000;20000;9600750436;S
20240215;101536;0.024450000;460000;9600750437;S
20240215;101536;0.024455000;2100000;9600750595;S
20240215;101536;0.024455000;1950000;9600750602;S
20240215;101536;0.024450000;2110000;9600750603;S
20240215;101536;0.024455000;500000;9600750614;S
20240215;101537;0.024450000;2800000;9600750738;S
20240215;101537;0.024450000;10000;9600750758;S
20240215;101538;0.024450000;10000;9600750854;S
20240215;101538;0.024450000;2610000;9600750893;S
20240215;101538;0.024450000;10000;9600750894;S
20240215;101538;0.024450000;10000;9600750895;S
20240215;101538;0.024450000;100000;9600750896;S
20240215;101538;0.024450000;100000;9600750897;S
20240215;101538;0.024450000;1000000;9600750898;S
20240215;101538;0.024450000;10000;9600750899;S
20240215;101538;0.024450000;900000;9600750900;S
20240215;101538;0.024450000;30000;9600750901;S
20240215;101538;0.024450000;930000;9600750902;S
20240215;101538;0.024450000;44300000;9600750903;S
20240215;101538;0.024450000;20000;9600750977;S
20240215;101538;0.024455000;100000;9600751047;S
20240215;101538;0.024450000;1530000;9600751048;S
20240215;101538;0.024450000;10000;9600751049;S
20240215;101538;0.024450000;1900000;9600751050;S
20240215;101538;0.024450000;10000;9600751051;S
20240215;101538;0.024450000;2000000;9600751052;S
20240215;101538;0.024450000;3000000;9600751053;S
20240215;101538;0.024450000;10000;9600751054;S
20240215;101538;0.024450000;100000;9600751055;S
20240215;101538;0.024450000;4000000;9600751056;S
20240215;101538;0.024450000;30000;9600751057;S
