<DATE>;<TIME>;<LAST>;<VOL>;<ID>;<OPER>
20240124;095942;0.024620000;10000;9459158525;B
20240124;095942;0.024620000;10000;9459158526;S
20240124;095942;0.024620000;10000;9459158527;B
20240124;095942;0.024620000;40000;9459158528;B
20240124;095942;0.024620000;20000;9459158529;S
20240124;095942;0.024620000;10000;9459158530;S
20240124;095942;0.024620000;100000;9459158531;S
20240124;095942;0.024620000;50000;9459158532;S
20240124;095942;0.024620000;10000;9459158533;S
20240124;095942;0.024620000;10000;9459158534;S
20240124;095942;0.024620000;160000;9459158535;B
20240124;095942;0.024620000;1000000;9459158536;B
20240124;095942;0.024620000;3840000;9459158537;B
20240124;095942;0.024620000;200000;9459158538;S
20240124;095942;0.024620000;100000;9459158539;S
20240124;095942;0.024620000;100000;9459158540;S
20240124;095942;0.024620000;20000;9459158541;S
20240124;095942;0.024620000;490000;9459158542;B
20240124;095942;0.024620000;1500000;9459158543;S
20240124;095942;0.024620000;20000;9459158544;B
20240124;095942;0.024620000;10000;9459158545;B
20240124;095942;0.024620000;10000;9459158546;B
20240124;095942;0.024620000;10000;9459158547;B
20240124;095942;0.024620000;10000;9459158548;B
20240124;095942;0.024620000;10000;9459158549;B
20240124;095942;0.024620000;10000;9459158550;B
20240124;095942;0.024620000;50000;9459158551;B
20240124;095942;0.024620000;10000;9459158552;B
20240124;095942;0.024620000;10000;9459158553;B
20240124;095942;0.024620000;20000;9459158554;B
20240124;095942;0.024620000;370000;9459158555;B
20240124;095942;0.024620000;10000;9459158556;B
20240124;095942;0.024620000;260000;9459158557;B
20240124;095942;0.024620000;30000;9459158558;B
20240124;095942;0.024620000;30000;9459158559;S
20240124;095942;0.024620000;40000;9459158560;S
20240124;095942;0.024620000;30000;9459158561;S
20240124;095942;0.024620000;4810000;9459158562;S
20240124;095942;0.024620000;10000;9459158563;S
20240124;095942;0.024620000;10000;9459158564;S
20240124;095942;0.024620000;10000;9459158565;S
20240124;095942;0.024620000;10000;9459158566;S
20240124;095942;0.024620000;40000;9459158567;S
20240124;095942;0.024620000;10000;9459158568;S
20240124;095942;0.024620000;10000;9459158569;S
20240124;095942;0.024620000;30000;9459158570;S
20240124;095942;0.024620000;10000;9459158571;S
20240124;095942;0.024620000;10000;9459158572;S
20240124;095942;0.024620000;10000;9459158573;B
20240124;095942;0.024620000;10000;9459158574;S
20240124;095942;0.024620000;40000;9459158575;S
20240124;095942;0.024620000;10000;9459158576;S
20240124;095942;0.024620000;20000;9459158577;B
20240124;095942;0.024620000;50000;9459158578;S
20240124;095942;0.024620000;20000;9459158579;S
20240124;095942;0.024620000;10000;9459158580;S
20240124;095942;0.024620000;100000;9459158581;S
20240124;095942;0.024620000;4000000;9459158582;S
20240124;095942;0.024620000;10000;9459158583;S
20240124;095942;0.024620000;50000;9459158584;S
20240124;095942;0.024620000;1730000;9459158585;B
20240124;095942;0.024620000;2000000;9459158586;B
20240124;095942;0.024620000;40000;9459158587;B
20240124;095942;0.024620000;30000;9459158588;B
20240124;095942;0.024620000;250000;9459158589;B
20240124;095942;0.024620000;10000;9459158590;B
20240124;095942;0.024620000;10000;9459158591;B
20240124;095942;0.024620000;100000;9459158592;B
20240124;095942;0.024620000;50000;9459158593;B
20240124;095942;0.024620000;100000;9459158594;B
20240124;095942;0.024620000;50000;9459158595;B
20240124;095942;0.024620000;100000;9459158596;B
20240124;095942;0.024620000;50000;9459158597;B
20240124;095942;0.024620000;100000;9459158598;S
20240124;095942;0.024620000;2880000;9459158599;S
20240124;095942;0.024620000;7120000;9459158600;S
20240124;095942;0.024620000;50000;9459158601;B
20240124;095942;0.024620000;200000;9459158602;B
20240124;095942;0.024620000;130000;9459158603;B
20240124;095942;0.024620000;80000;9459158604;S
20240124;095942;0.024620000;100000;9459158605;S
20240124;095942;0.024620000;20000;9459158606;S
20240124;095942;0.024620000;40000;9459158607;S
20240124;095942;0.024620000;80000;9459158608;S
20240124;095942;0.024620000;10000;9459158609;S
20240124;095942;0.024620000;50000;9459158610;S
20240124;100000;0.024615000;400000;9459163112;B
20240124;100000;0.024615000;100000;9459163113;B
20240124;100000;0.024615000;100000;9459163129;B
20240124;100000;0.024615000;200000;9459163136;B
20240124;100000;0.024615000;2100000;9459163137;B
20240124;100000;0.024615000;2000000;9459163155;B
20240124;100000;0.024615000;100000;9459163156;B
20240124;100000;0.024615000;1200000;9459163158;B
20240124;100000;0.024615000;700000;9459163159;B
20240124;100000;0.024615000;3000000;9459163164;B
20240124;100000;0.024615000;2280000;9459163181;B
20240124;100000;0.024620000;1520000;9459163182;B
20240124;100000;0.024620000;1200000;9459163188;B
20240124;100000;0.024620000;1000000;9459163189;B
20240124;100000;0.024620000;1200000;9459163211;B
20240124;100000;0.024620000;3800000;9459163216;B
20240124;100000;0.024620000;770000;9459163225;B
20240124;100000;0.024620000;100000;9459163226;B
20240124;100000;0.024620000;730000;9459163227;B
20240124;100000;0.024620000;270000;9459163233;B
20240124;100000;0.024620000;130000;9459163234;B
20240124;100000;0.024625000;500000;9459163248;B
20240124;100000;0.024625000;1700000;9459163266;B
20240124;100000;0.024620000;2000000;9459163295;S
20240124;100000;0.024620000;600000;9459163296;S
20240124;100000;0.024620000;200000;9459163297;S
20240124;100000;0.024620000;2100000;9459163298;S
20240124;100000;0.024620000;4800000;9459163299;S
20240124;100000;0.024620000;100000;9459163300;S
20240124;100000;0.024615000;1000000;9459163301;S
20240124;100000;0.024615000;800000;9459163302;S
20240124;100000;0.024615000;200000;9459163305;B
20240124;100000;0.024615000;380000;9459163308;B
20240124;100000;0.024625000;2800000;9459163309;B
20240124;100000;0.024620000;1060000;9459163329;S
20240124;100000;0.024620000;560000;9459163334;S
20240124;100000;0.024620000;400000;9459163335;S
20240124;100000;0.024620000;40000;9459163336;S
20240124;100000;0.024625000;10000;9459163422;B
20240124;100000;0.024625000;1000000;9459163477;B
20240124;100000;0.024625000;40000;9459163586;B
20240124;100000;0.024625000;3600000;9459163593;B
20240124;100000;0.024625000;350000;9459163603;B
20240124;100000;0.024625000;300000;9459163604;B
20240124;100000;0.024625000;20000;9459163605;B
20240124;100000;0.024625000;730000;9459163606;B
20240124;100000;0.024625000;10000;9459163672;B
20240124;100001;0.024625000;410000;9459164133;B
20240124;100001;0.024625000;30000;9459164210;B
20240124;100002;0.024625000;2040000;9459164512;B
20240124;100002;0.024625000;50000;9459164513;B
20240124;100002;0.024625000;160000;9459164514;B
20240124;100002;0.024620000;960000;9459164636;S
20240124;100002;0.024620000;1040000;9459164637;S
20240124;100002;0.024625000;10000;9459164958;B
20240124;100002;0.024620000;10000;9459164959;S
20240124;100003;0.024625000;10000;9459165084;B
20240124;100003;0.024620000;950000;9459165166;S
20240124;100003;0.024620000;2000000;9459165167;S
20240124;100003;0.024620000;1000000;9459165168;S
20240124;100003;0.024620000;2000000;9459165169;S
20240124;100003;0.024620000;100000;9459165170;S
20240124;100003;0.024620000;1300000;9459165171;S
20240124;100003;0.024620000;1700000;9459165172;S
20240124;100003;0.024620000;550000;9459165173;S
20240124;100004;0.024625000;10000;9459165371;B
20240124;100004;0.024625000;100000;9459165475;B
20240124;100004;0.024620000;20000;9459165476;S
20240124;100004;0.024620000;10000;9459165477;S
20240124;100004;0.024625000;20000;9459165480;B
20240124;100004;0.024620000;20000;9459165481;S
20240124;100004;0.024620000;150000;9459165482;S
20240124;100004;0.024625000;190000;9459165484;B
20240124;100004;0.024625000;50000;9459165485;B
20240124;100004;0.024625000;50000;9459165486;B
20240124;100004;0.024625000;500000;9459165487;B
20240124;100004;0.024625000;10000;9459165488;B
20240124;100004;0.024620000;50000;9459165494;S
20240124;100004;0.024620000;130000;9459165495;S
20240124;100004;0.024625000;90000;9459165516;B
20240124;100004;0.024625000;210000;9459165552;B
20240124;100004;0.024620000;70000;9459165597;S
20240124;100004;0.024620000;500000;9459165598;S
20240124;100004;0.024620000;100000;9459165599;S
20240124;100004;0.024620000;150000;9459165600;S
20240124;100004;0.024620000;10000;9459165610;S
20240124;100004;0.024625000;10000;9459165758;B
20240124;100004;0.024625000;440000;9459165768;B
20240124;100005;0.024620000;240000;9459166129;S
20240124;100005;0.024625000;40000;9459166130;B
20240124;100005;0.024620000;50000;9459166136;S
20240124;100005;0.024620000;50000;9459166182;S
20240124;100005;0.024620000;300000;9459166183;S
20240124;100005;0.024620000;850000;9459166184;S
20240124;100005;0.024625000;10000;9459166326;B
20240124;100005;0.024625000;10000;9459166346;B
20240124;100005;0.024625000;610000;9459166353;B
20240124;100005;0.024620000;2150000;9459166655;S
20240124;100005;0.024620000;300000;9459166656;S
20240124;100005;0.024620000;1400000;9459166657;S
20240124;100005;0.024620000;1000000;9459166658;S
20240124;100005;0.024620000;7500000;9459166659;S
20240124;100005;0.024620000;200000;9459166660;S
20240124;100005;0.024615000;5800000;9459166661;S
20240124;100005;0.024615000;20000;9459166668;S
20240124;100005;0.024625000;10000;9459166679;B
20240124;100005;0.024625000;320000;9459166708;B
20240124;100005;0.024620000;500000;9459166714;S
20240124;100005;0.024615000;1000000;9459166715;S
20240124;100005;0.024615000;540000;9459166716;S
20240124;100005;0.024625000;2620000;9459166719;B
20240124;100005;0.024625000;10000;9459166726;B
20240124;100005;0.024625000;30000;9459166730;B
20240124;100005;0.024625000;10000;9459166766;B
20240124;100005;0.024625000;10000;9459166768;B
20240124;100005;0.024625000;790000;9459166782;B
20240124;100005;0.024625000;250000;9459166796;B
20240124;100005;0.024615000;10000;9459166874;S
20240124;100005;0.024615000;20000;9459166875;S
20240124;100005;0.024625000;1500000;9459166932;B
20240124;100005;0.024625000;3020000;9459166971;B
20240124;100005;0.024625000;1020000;9459166972;B
20240124;100005;0.024625000;30000;9459167511;B
20240124;100005;0.024615000;430000;9459167512;S
20240124;100005;0.024615000;2000000;9459167513;S
20240124;100005;0.024615000;2780000;9459167514;S
20240124;100005;0.024615000;80000;9459167524;S
20240124;100005;0.024615000;200000;9459167648;S
20240124;100005;0.024625000;50000;9459167649;B
20240124;100005;0.024625000;250000;9459167652;B
20240124;100005;0.024625000;120000;9459167658;B
20240124;100005;0.024615000;40000;9459167662;S
20240124;100005;0.024615000;1330000;9459167666;S
20240124;100005;0.024625000;900000;9459167671;B
20240124;100005;0.024615000;570000;9459167672;S
20240124;100005;0.024615000;430000;9459167673;S
20240124;100005;0.024625000;900000;9459167675;B
20240124;100005;0.024625000;1130000;9459167832;B
20240124;100005;0.024625000;870000;9459167833;B
20240124;100005;0.024615000;50000;9459167874;S
20240124;100005;0.024615000;50000;9459167875;S
20240124;100005;0.024625000;1610000;9459167879;B
20240124;100005;0.024625000;810000;9459167962;B
20240124;100005;0.024615000;160000;9459167976;S
20240124;100005;0.024625000;140000;9459167984;B
20240124;100005;0.024615000;40000;9459168104;S
20240124;100005;0.024625000;10000;9459168107;B
20240124;100005;0.024615000;30000;9459168108;S
20240124;100005;0.024625000;50000;9459168110;B
20240124;100005;0.024625000;10000;9459168111;B
20240124;100005;0.024615000;70000;9459168114;S
20240124;100006;0.024625000;10000;9459168272;B
20240124;100006;0.024625000;30000;9459168289;B
20240124;100006;0.024615000;250000;9459168348;S
20240124;100006;0.024615000;120000;9459168349;S
20240124;100006;0.024615000;120000;9459168352;S
20240124;100006;0.024615000;250000;9459168358;S
20240124;100006;0.024615000;230000;9459168361;S
20240124;100006;0.024615000;50000;9459168362;S
20240124;100006;0.024615000;50000;9459168366;S
20240124;100006;0.024615000;70000;9459168367;S
20240124;100006;0.024615000;120000;9459168381;S
20240124;100006;0.024625000;20000;9459168519;B
20240124;100006;0.024620000;20000;9459168520;S
20240124;100006;0.024625000;40000;9459168534;B
20240124;100006;0.024620000;120000;9459168535;S
20240124;100006;0.024625000;240000;9459168536;B
20240124;100006;0.024625000;440000;9459168537;B
20240124;100006;0.024620000;250000;9459168544;S
20240124;100006;0.024620000;110000;9459168545;S
20240124;100006;0.024615000;790000;9459168546;S
20240124;100006;0.024615000;20000;9459168547;S
20240124;100006;0.024615000;40000;9459168548;S
20240124;100006;0.024615000;120000;9459168549;S
20240124;100006;0.024615000;120000;9459168550;S
20240124;100006;0.024625000;490000;9459168551;B
20240124;100006;0.024620000;500000;9459168556;S
20240124;100006;0.024615000;340000;9459168557;S
20240124;100006;0.024625000;1810000;9459168565;B
20240124;100006;0.024625000;10000;9459168714;B
20240124;100006;0.024620000;100000;9459168715;S
20240124;100006;0.024620000;10000;9459168716;S
20240124;100006;0.024625000;10000;9459168718;B
20240124;100006;0.024625000;10000;9459168719;B
20240124;100006;0.024620000;10000;9459168720;S
20240124;100006;0.024620000;10000;9459168845;S
20240124;100006;0.024620000;10000;9459168847;S
20240124;100006;0.024625000;40000;9459168851;B
20240124;100006;0.024625000;10000;9459169006;B
20240124;100006;0.024620000;10000;9459169007;S
20240124;100006;0.024620000;50000;9459169008;S
20240124;100007;0.024620000;300000;9459169062;S
20240124;100007;0.024615000;520000;9459169063;S
20240124;100007;0.024615000;180000;9459169071;S
20240124;100007;0.024615000;2040000;9459169079;S
20240124;100007;0.024625000;10000;9459169187;B
20240124;100007;0.024620000;20000;9459169188;S
20240124;100007;0.024620000;30000;9459169189;S
20240124;100007;0.024625000;20000;9459169190;B
20240124;100007;0.024625000;10000;9459169191;B
20240124;100007;0.024625000;10000;9459169200;B
20240124;100007;0.024620000;450000;9459169247;S
20240124;100007;0.024620000;610000;9459169248;S
20240124;100007;0.024625000;870000;9459169338;B
20240124;100007;0.024625000;10000;9459169339;B
20240124;100007;0.024625000;6000000;9459169340;B
20240124;100007;0.024625000;4070000;9459169341;B
20240124;100007;0.024625000;12200000;9459169342;B
20240124;100007;0.024630000;500000;9459169343;B
20240124;100007;0.024630000;100000;9459169344;B
20240124;100007;0.024630000;10000;9459169345;B
20240124;100007;0.024630000;7770000;9459169346;B
20240124;100007;0.024630000;500000;9459169347;B
20240124;100007;0.024630000;2970000;9459169348;B
20240124;100007;0.024625000;4070000;9459169350;B
20240124;100007;0.024630000;930000;9459169351;B
20240124;100007;0.024625000;1330000;9459169352;S
20240124;100007;0.024625000;160000;9459169356;S
20240124;100007;0.024625000;80000;9459169357;S
20240124;100007;0.024625000;20000;9459169501;S
20240124;100007;0.024625000;50000;9459169502;S
20240124;100007;0.024615000;10000;9459169503;S
20240124;100007;0.024615000;20000;9459169504;S
20240124;100007;0.024630000;50000;9459169509;B
20240124;100007;0.024615000;470000;9459169519;S
20240124;100007;0.024615000;270000;9459169520;S
20240124;100007;0.024615000;400000;9459169560;S
20240124;100007;0.024615000;120000;9459169562;S
20240124;100007;0.024615000;810000;9459169567;S
20240124;100007;0.024615000;190000;9459169568;S
20240124;100007;0.024615000;250000;9459169569;S
20240124;100007;0.024615000;120000;9459169572;S
20240124;100007;0.024615000;120000;9459169574;S
20240124;100007;0.024615000;250000;9459169576;S
20240124;100007;0.024615000;60000;9459169577;S
20240124;100007;0.024615000;900000;9459169582;S
20240124;100007;0.024615000;120000;9459169583;S
20240124;100007;0.024615000;120000;9459169584;S
20240124;100007;0.024615000;120000;9459169586;S
20240124;100007;0.024615000;280000;9459169587;S
20240124;100007;0.024615000;120000;9459169588;S
20240124;100007;0.024615000;250000;9459169590;S
20240124;100008;0.024625000;4070000;9459169636;B
20240124;100008;0.024625000;1000000;9459169637;B
20240124;100008;0.024625000;12200000;9459169638;B
20240124;100008;0.024630000;2840000;9459169639;B
20240124;100008;0.024630000;5000000;9459169640;B
20240124;100008;0.024630000;1000000;9459169641;B
20240124;100008;0.024630000;6000000;9459169642;B
20240124;100008;0.024630000;1800000;9459169643;B
20240124;100008;0.024630000;15250000;9459169644;B
20240124;100008;0.024630000;2050000;9459169645;B
20240124;100008;0.024635000;2100000;9459169646;B
20240124;100008;0.024625000;1000000;9459169798;B
20240124;100008;0.024630000;8370000;9459169799;B
20240124;100010;0.024630000;620000;9459170453;B
20240124;100010;0.024620000;10000;9459170682;S
20240124;100010;0.024620000;40000;9459170860;S
20240124;100010;0.024620000;450000;9459170899;S
20240124;100010;0.024620000;130000;9459170900;S
20240124;100010;0.024630000;10000;9459170906;B
20240124;100010;0.024630000;20000;9459170971;B
20240124;100011;0.024625000;500000;9459171174;S
20240124;100011;0.024620000;870000;9459171175;S
20240124;100011;0.024620000;530000;9459171176;S
20240124;100011;0.024630000;50000;9459171220;B
20240124;100014;0.024630000;100000;9459171850;B
20240124;100014;0.024630000;200000;9459171909;B
20240124;100014;0.024630000;4070000;9459171910;B
20240124;100014;0.024630000;10000;9459171911;B
20240124;100014;0.024630000;1000000;9459171912;B
20240124;100014;0.024630000;1000000;9459171913;B
20240124;100014;0.024630000;2000000;9459171914;B
20240124;100014;0.024635000;1720000;9459171915;B
20240124;100016;0.024620000;50000;9459172463;S
20240124;100017;0.024630000;10000;9459172648;B
20240124;100018;0.024630000;4060000;9459172764;B
20240124;100018;0.024630000;940000;9459172765;B
20240124;100022;0.024630000;2000000;9459173566;B
20240124;100022;0.024630000;1000000;9459173567;B
20240124;100024;0.024635000;90000;9459174317;B
20240124;100025;0.024630000;2000000;9459174603;S
20240124;100025;0.024630000;1780000;9459174604;S
20240124;100025;0.024630000;450000;9459174605;S
20240124;100025;0.024630000;100000;9459174606;S
20240124;100025;0.024630000;1220000;9459174715;B
20240124;100025;0.024630000;20000;9459174759;S
20240124;100026;0.024630000;100000;9459174916;S
20240124;100029;0.024635000;30000000;9459175448;B
20240124;100030;0.024635000;10000;9459175673;B
20240124;100030;0.024630000;300000;9459175678;S
20240124;100032;0.024635000;10000;9459175936;B
20240124;100034;0.024635000;100000;9459176315;B
20240124;100034;0.024635000;7500000;9459176407;B
20240124;100034;0.024635000;2500000;9459176408;B
20240124;100035;0.024630000;110000;9459176688;S
20240124;100035;0.024630000;1000000;9459176734;S
20240124;100035;0.024635000;10000;9459176797;B
20240124;100036;0.024635000;33440000;9459177088;B
20240124;100036;0.024635000;10000;9459177127;B
20240124;100037;0.024630000;10000;9459177341;S
20240124;100038;0.024630000;40000;9459177421;S
20240124;100038;0.024630000;2000000;9459177467;S
20240124;100040;0.024635000;20000;9459177971;B
20240124;100045;0.024635000;4000000;9459179421;B
20240124;100045;0.024635000;70000;9459179593;B
20240124;100045;0.024630000;340000;9459179622;S
20240124;100047;0.024635000;10000;9459179921;B
20240124;100048;0.024630000;2000000;9459180109;S
20240124;100048;0.024635000;10000;9459180160;B
20240124;100048;0.024630000;240000;9459180202;S
20240124;100049;0.024630000;1510000;9459180313;S
20240124;100050;0.024630000;4050000;9459180593;S
20240124;100050;0.024635000;20000;9459180598;B
20240124;100052;0.024630000;370000;9459180975;S
20240124;100052;0.024630000;2000000;9459181036;S
20240124;100053;0.024630000;2000000;9459181136;S
20240124;100053;0.024635000;10000;9459181193;B
20240124;100054;0.024630000;2690000;9459181381;S
20240124;100054;0.024630000;50000;9459181382;S
20240124;100054;0.024630000;1910000;9459181383;S
20240124;100054;0.024630000;50000;9459181384;S
20240124;100054;0.024630000;5000000;9459181385;S
20240124;100054;0.024630000;50000;9459181386;S
20240124;100054;0.024630000;50000;9459181387;S
20240124;100054;0.024630000;22150000;9459181388;S
20240124;100055;0.024630000;2850000;9459181521;S
20240124;100055;0.024630000;12170000;9459181522;S
20240124;100055;0.024630000;400000;9459181523;S
20240124;100055;0.024630000;10000;9459181524;S
20240124;100055;0.024630000;100000;9459181525;S
20240124;100055;0.024630000;2000000;9459181526;S
20240124;100055;0.024630000;40000;9459181589;B
20240124;100056;0.024630000;22430000;9459181790;B
20240124;100056;0.024630000;1000000;9459181791;B
20240124;100056;0.024630000;12200000;9459181792;B
20240124;100056;0.024630000;2480000;9459181793;B
20240124;100056;0.024630000;4070000;9459181794;B
20240124;100056;0.024635000;5010000;9459181795;B
20240124;100056;0.024635000;270000;9459181796;B
20240124;100056;0.024635000;2000000;9459181797;B
20240124;100056;0.024635000;250000;9459181798;B
20240124;100056;0.024635000;290000;9459181799;B
20240124;100057;0.024630000;1000000;9459181929;B
20240124;100058;0.024630000;5000000;9459182176;B
20240124;100058;0.024630000;7200000;9459182178;B
20240124;100058;0.024630000;4070000;9459182179;B
20240124;100058;0.024630000;2000000;9459182180;B
20240124;100058;0.024630000;1000000;9459182181;B
20240124;100058;0.024635000;210000;9459182182;B
20240124;100058;0.024635000;500000;9459182183;B
20240124;100058;0.024635000;3020000;9459182184;B
20240124;100058;0.024630000;10000;9459182202;B
20240124;100100;0.024630000;10000;9459182510;B
20240124;100101;0.024625000;500000;9459182777;S
20240124;100101;0.024625000;10000;9459182778;S
20240124;100101;0.024625000;50000;9459182779;S
20240124;100101;0.024625000;1440000;9459182780;S
20240124;100102;0.024630000;130000;9459182880;B
20240124;100102;0.024630000;1000000;9459182945;B
20240124;100102;0.024630000;10000;9459183056;B
20240124;100104;0.024630000;2000000;9459183218;B
20240124;100104;0.024630000;2000000;9459183224;B
20240124;100104;0.024630000;100000;9459183225;B
20240124;100104;0.024630000;1000000;9459183226;B
20240124;100104;0.024630000;1000000;9459183227;B
20240124;100104;0.024630000;4070000;9459183228;B
20240124;100104;0.024635000;16980000;9459183229;B
20240124;100104;0.024635000;10000;9459183230;B
20240124;100104;0.024635000;2000000;9459183231;B
20240124;100104;0.024635000;1220000;9459183232;B
20240124;100104;0.024635000;2000000;9459183233;B
20240124;100104;0.024635000;10000;9459183234;B
20240124;100104;0.024635000;2380000;9459183235;B
20240124;100104;0.024640000;45290000;9459183236;B
20240124;100104;0.024640000;29640000;9459183237;B
20240124;100104;0.024630000;10000;9459183308;S
20240124;100104;0.024630000;30000;9459183324;S
20240124;100105;0.024630000;960000;9459183479;S
20240124;100105;0.024630000;4040000;9459183480;S
20240124;100106;0.024635000;200000;9459183646;B
20240124;100108;0.024635000;10000;9459183969;B
20240124;100108;0.024630000;10000;9459184112;S
20240124;100109;0.024635000;3860000;9459184127;B
20240124;100109;0.024640000;15650000;9459184128;B
20240124;100109;0.024640000;10000;9459184129;B
20240124;100109;0.024640000;110000;9459184130;B
20240124;100109;0.024640000;2370000;9459184131;B
20240124;100109;0.024640000;2000000;9459184281;B
20240124;100110;0.024630000;8150000;9459184469;S
20240124;100110;0.024630000;1000000;9459184470;S
20240124;100110;0.024630000;10000;9459184471;S
20240124;100110;0.024630000;10000;9459184472;S
20240124;100110;0.024630000;29390000;9459184495;B
20240124;100110;0.024635000;1000000;9459184496;B
20240124;100110;0.024635000;2220000;9459184497;B
20240124;100110;0.024640000;3040000;9459184498;B
20240124;100113;0.024635000;10000;9459184927;B
20240124;100113;0.024640000;10000;9459184928;B
20240124;100115;0.024630000;1000000;9459185150;S
20240124;100115;0.024630000;200000;9459185151;S
20240124;100115;0.024630000;10000000;9459185165;S
20240124;100115;0.024640000;200000;9459185166;B
20240124;100119;0.024640000;10000;9459185782;B
20240124;100120;0.024630000;20000;9459186011;S
20240124;100121;0.024640000;2370000;9459186104;B
20240124;100121;0.024640000;500000;9459186105;B
20240124;100121;0.024640000;500000;9459186106;B
20240124;100121;0.024640000;10000;9459186107;B
20240124;100121;0.024640000;10000;9459186108;B
20240124;100121;0.024640000;1610000;9459186109;B
20240124;100121;0.024640000;2460000;9459186110;B
20240124;100121;0.024640000;2000000;9459186111;B
20240124;100121;0.024640000;1000000;9459186112;B
20240124;100121;0.024640000;2150000;9459186113;B
20240124;100121;0.024645000;2390000;9459186114;B
20240124;100121;0.024645000;10000;9459186162;B
20240124;100122;0.024630000;480000;9459186418;S
20240124;100122;0.024630000;2000000;9459186419;S
20240124;100122;0.024630000;200000;9459186420;S
20240124;100122;0.024630000;1000000;9459186421;S
20240124;100122;0.024630000;1320000;9459186422;S
20240124;100123;0.024640000;20000;9459186574;B
20240124;100125;0.024645000;20000;9459186838;B
20240124;100125;0.024645000;1000000;9459186951;B
20240124;100126;0.024645000;50000;9459187064;B
20240124;100126;0.024640000;100000;9459187132;S
20240124;100126;0.024640000;1000000;9459187133;S
20240124;100126;0.024640000;2090000;9459187134;S
20240124;100126;0.024640000;860000;9459187135;S
20240124;100127;0.024645000;20000;9459187299;B
20240124;100128;0.024645000;510000;9459187355;B
20240124;100128;0.024645000;1370000;9459187356;B
20240124;100129;0.024645000;10000;9459187483;B
20240124;100129;0.024645000;620000;9459187678;B
20240124;100129;0.024645000;500000;9459187679;B
20240124;100129;0.024645000;500000;9459187680;B
20240124;100129;0.024645000;760000;9459187681;B
20240124;100131;0.024640000;4140000;9459188320;S
20240124;100131;0.024640000;50000;9459188321;S
20240124;100131;0.024640000;1000000;9459188322;S
20240124;100131;0.024640000;500000;9459188323;S
20240124;100131;0.024640000;10000;9459188324;S
20240124;100131;0.024635000;4300000;9459188325;S
20240124;100132;0.024640000;20000;9459188443;S
20240124;100132;0.024635000;540000;9459188444;S
20240124;100133;0.024640000;110000;9459188614;S
20240124;100134;0.024645000;10000;9459188719;B
20240124;100134;0.024640000;390000;9459188870;S
20240124;100134;0.024640000;30000;9459188871;S
20240124;100136;0.024640000;10000;9459189148;B
20240124;100137;0.024645000;20000;9459189254;B
20240124;100137;0.024640000;20000;9459189315;B
20240124;100138;0.024640000;30000;9459189418;B
20240124;100139;0.024635000;1160000;9459189640;S
20240124;100139;0.024635000;2900000;9459189641;S
20240124;100139;0.024640000;10000;9459189652;B
20240124;100140;0.024640000;1940000;9459189723;B
20240124;100140;0.024640000;1000000;9459189724;B
20240124;100140;0.024640000;2560000;9459189725;B
20240124;100142;0.024645000;7870000;9459190056;B
20240124;100142;0.024640000;20000;9459190089;S
20240124;100142;0.024640000;1000000;9459190129;S
20240124;100143;0.024640000;40000;9459190316;S
20240124;100146;0.024640000;7770000;9459190682;S
20240124;100146;0.024645000;30000;9459190764;B
20240124;100147;0.024640000;50000;9459190810;S
20240124;100147;0.024640000;15620000;9459190936;S
20240124;100147;0.024640000;1000000;9459190937;S
20240124;100147;0.024640000;100000;9459190938;S
20240124;100147;0.024640000;20000;9459190939;S
20240124;100148;0.024640000;9580000;9459190984;B
20240124;100148;0.024645000;17110000;9459190985;B
20240124;100148;0.024645000;50000;9459190986;B
20240124;100148;0.024645000;10000;9459190987;B
20240124;100148;0.024645000;2000000;9459190988;B
20240124;100148;0.024645000;1680000;9459190989;B
20240124;100148;0.024645000;2200000;9459190990;B
20240124;100148;0.024645000;1000000;9459190991;B
20240124;100148;0.024650000;50000;9459190992;B
20240124;100148;0.024650000;1320000;9459190993;B
20240124;100148;0.024650000;50000;9459191050;B
20240124;100148;0.024650000;10000;9459191113;B
20240124;100148;0.024650000;40000;9459191114;B
20240124;100148;0.024650000;100000;9459191125;B
20240124;100149;0.024650000;3480000;9459191134;B
20240124;100149;0.024650000;10000;9459191135;B
20240124;100149;0.024650000;4510000;9459191136;B
20240124;100149;0.024650000;250000;9459191231;B
20240124;100150;0.024645000;100000;9459191322;S
20240124;100150;0.024640000;20000;9459191323;S
20240124;100150;0.024640000;100000;9459191324;S
20240124;100150;0.024635000;780000;9459191325;S
20240124;100151;0.024645000;1000000;9459191473;B
20240124;100152;0.024635000;500000;9459191624;S
20240124;100152;0.024630000;480000;9459191625;S
20240124;100152;0.024640000;10000;9459191652;B
20240124;100155;0.024635000;500000;9459192057;S
20240124;100155;0.024635000;14030000;9459192058;S
20240124;100155;0.024630000;4200000;9459192059;S
20240124;100155;0.024630000;1270000;9459192060;S
20240124;100156;0.024635000;100000;9459192267;S
20240124;100157;0.024640000;990000;9459192485;B
20240124;100157;0.024640000;1610000;9459192486;B
20240124;100157;0.024640000;100000;9459192555;B
20240124;100159;0.024635000;50000;9459192906;S
20240124;100159;0.024640000;200000;9459192986;B
20240124;100159;0.024635000;1000000;9459193050;S
20240124;100200;0.024635000;30000;9459193261;S
20240124;100201;0.024640000;10000;9459193331;B
20240124;100202;0.024640000;5000000;9459193550;B
20240124;100202;0.024640000;10000;9459193574;B
20240124;100204;0.024635000;5830000;9459193726;S
20240124;100204;0.024635000;500000;9459193727;S
20240124;100204;0.024630000;11670000;9459193728;S
20240124;100204;0.024640000;1210000;9459193797;B
20240124;100204;0.024640000;50000;9459193798;B
20240124;100204;0.024640000;50000;9459193799;B
20240124;100204;0.024640000;1090000;9459193800;B
20240124;100204;0.024640000;600000;9459193815;B
20240124;100205;0.024635000;1000000;9459193935;S
20240124;100205;0.024635000;460000;9459193987;S
20240124;100206;0.024635000;10000;9459194099;S
20240124;100207;0.024635000;10000;9459194289;S
20240124;100210;0.024640000;2000000;9459194721;B
20240124;100210;0.024635000;940000;9459194730;S
20240124;100210;0.024635000;850000;9459194756;S
20240124;100210;0.024635000;240000;9459194757;S
20240124;100210;0.024635000;320000;9459194758;S
20240124;100210;0.024635000;180000;9459194759;S
20240124;100210;0.024630000;160000;9459194760;S
20240124;100210;0.024635000;1750000;9459194761;S
20240124;100210;0.024630000;1770000;9459194762;S
20240124;100210;0.024635000;500000;9459194763;S
20240124;100210;0.024630000;780000;9459194764;S
20240124;100210;0.024635000;290000;9459194765;S
20240124;100210;0.024640000;30000;9459194786;B
20240124;100211;0.024640000;10000;9459194896;B
20240124;100213;0.024635000;210000;9459195270;S
20240124;100213;0.024635000;120000;9459195271;S
20240124;100213;0.024635000;350000;9459195272;S
20240124;100213;0.024635000;410000;9459195273;S
20240124;100213;0.024635000;330000;9459195274;S
20240124;100213;0.024635000;840000;9459195277;S
20240124;100213;0.024635000;30000;9459195278;S
20240124;100213;0.024635000;500000;9459195279;S
20240124;100213;0.024635000;440000;9459195280;S
20240124;100213;0.024630000;570000;9459195281;S
20240124;100213;0.024630000;820000;9459195282;S
20240124;100213;0.024630000;1420000;9459195283;S
20240124;100213;0.024630000;400000;9459195284;S
20240124;100214;0.024640000;10000;9459195486;B
20240124;100215;0.024640000;100000;9459195593;B
20240124;100216;0.024635000;10000;9459195713;S
20240124;100217;0.024635000;490000;9459195856;S
20240124;100217;0.024635000;220000;9459195857;S
20240124;100217;0.024630000;290000;9459195858;S
20240124;100218;0.024635000;70000;9459195983;S
20240124;100219;0.024640000;2390000;9459196188;B
20240124;100219;0.024640000;60000;9459196214;B
20240124;100220;0.024640000;1940000;9459196256;B
20240124;100220;0.024640000;3060000;9459196257;B
20240124;100220;0.024640000;2000000;9459196330;B
20240124;100223;0.024635000;40000;9459196737;S
20240124;100223;0.024635000;10000;9459196738;S
20240124;100224;0.024635000;490000;9459196917;S
20240124;100224;0.024635000;1510000;9459196918;S
20240124;100224;0.024635000;790000;9459196983;S
20240124;100224;0.024635000;50000;9459196984;S
20240124;100224;0.024630000;17430000;9459196985;S
20240124;100226;0.024635000;60000;9459197125;S
20240124;100226;0.024635000;50000;9459197126;S
20240124;100226;0.024635000;330000;9459197127;S
20240124;100226;0.024635000;10000;9459197189;S
20240124;100228;0.024635000;20000;9459197410;S
20240124;100228;0.024635000;20000;9459197432;S
20240124;100228;0.024635000;120000;9459197441;S
20240124;100229;0.024635000;700000;9459197661;B
20240124;100229;0.024635000;30000;9459197683;B
20240124;100231;0.024635000;10000;9459197836;B
20240124;100232;0.024630000;10000;9459198070;S
20240124;100234;0.024630000;170000;9459198369;S
20240124;100235;0.024635000;30000;9459198440;B
20240124;100235;0.024630000;240000;9459198453;S
20240124;100235;0.024630000;9760000;9459198454;S
20240124;100235;0.024630000;50000;9459198459;S
20240124;100235;0.024635000;10000;9459198497;B
20240124;100236;0.024635000;40000;9459198639;B
20240124;100237;0.024635000;20000;9459198734;B
20240124;100241;0.024635000;30000;9459199274;B
20240124;100243;0.024635000;10000;9459199470;B
20240124;100243;0.024635000;40000;9459199484;B
20240124;100244;0.024630000;10000;9459199695;S
20240124;100244;0.024635000;10000;9459199741;B
20240124;100244;0.024635000;22000000;9459199751;B
20240124;100246;0.024630000;10000;9459199906;S
20240124;100247;0.024635000;800000;9459200006;B
20240124;100247;0.024630000;10170000;9459200045;S
20240124;100247;0.024630000;7830000;9459200046;S
20240124;100248;0.024630000;170000;9459200169;S
20240124;100248;0.024630000;500000;9459200170;S
20240124;100248;0.024630000;30000;9459200171;S
20240124;100248;0.024630000;1000000;9459200172;S
20240124;100248;0.024630000;30000;9459200173;S
20240124;100248;0.024630000;40000;9459200174;S
20240124;100248;0.024630000;730000;9459200175;S
20240124;100249;0.024630000;10000;9459200295;S
20240124;100250;0.024635000;20000;9459200387;B
20240124;100252;0.024635000;1650000;9459200724;B
20240124;100253;0.024635000;20000;9459200917;B
20240124;100255;0.024635000;310000;9459201202;B
20240124;100255;0.024635000;1000000;9459201203;B
20240124;100255;0.024635000;1000000;9459201204;B
20240124;100255;0.024640000;690000;9459201205;B
20240124;100255;0.024630000;10000;9459201212;S
20240124;100255;0.024630000;10000;9459201247;S
20240124;100255;0.024630000;70000;9459201253;S
20240124;100255;0.024630000;10000;9459201262;S
20240124;100256;0.024630000;4200000;9459201288;S
20240124;100259;0.024640000;10000;9459201952;B
20240124;100300;0.024635000;10000;9459202016;S
20240124;100300;0.024635000;260000;9459202021;S
20240124;100300;0.024640000;790000;9459202040;B
20240124;100301;0.024635000;1730000;9459202192;S
20240124;100301;0.024630000;270000;9459202193;S
20240124;100302;0.024635000;2000000;9459202317;B
20240124;100302;0.024630000;10000;9459202387;S
20240124;100302;0.024635000;2300000;9459202484;B
20240124;100302;0.024635000;60090000;9459202508;B
20240124;100303;0.024635000;2000000;9459202624;B
20240124;100306;0.024630000;20000;9459203000;S
20240124;100306;0.024630000;500000;9459203105;S
20240124;100307;0.024635000;500000;9459203248;B
20240124;100307;0.024630000;3900000;9459203261;S
20240124;100310;0.024635000;10000;9459203632;B
20240124;100310;0.024630000;240000;9459203633;S
20240124;100310;0.024635000;10000;9459203673;B
20240124;100310;0.024630000;40000;9459203701;S
20240124;100310;0.024630000;10000;9459203702;S
20240124;100310;0.024630000;4430000;9459203706;S
20240124;100311;0.024635000;10000;9459203891;B
20240124;100312;0.024635000;200000;9459203956;B
20240124;100314;0.024635000;300000;9459204282;B
20240124;100316;0.024630000;130000;9459204519;S
20240124;100316;0.024630000;1000000;9459204534;S
20240124;100317;0.024635000;20000;9459204716;B
20240124;100318;0.024635000;40000;9459204760;B
20240124;100319;0.024635000;440000;9459204975;B
20240124;100320;0.024635000;30000;9459205088;B
20240124;100322;0.024630000;2000000;9459205384;S
20240124;100322;0.024630000;2000000;9459205385;S
20240124;100323;0.024630000;410000;9459205539;S
20240124;100323;0.024630000;210000;9459205540;S
20240124;100324;0.024635000;10000000;9459205781;B
20240124;100324;0.024630000;50000;9459205786;S
20240124;100325;0.024635000;20000;9459205870;B
20240124;100327;0.024630000;20000;9459206210;S
20240124;100328;0.024635000;1000000;9459206226;B
20240124;100328;0.024635000;60000;9459206275;B
20240124;100329;0.024635000;300000;9459206318;B
20240124;100329;0.024635000;2000000;9459206385;B
20240124;100330;0.024630000;210000;9459206491;S
20240124;100330;0.024630000;10000;9459206503;S
20240124;100330;0.024635000;40000;9459206539;B
20240124;100332;0.024635000;10000;9459206959;B
20240124;100334;0.024630000;10000;9459207156;S
20240124;100334;0.024630000;30000;9459207157;S
20240124;100334;0.024630000;180000;9459207158;S
20240124;100334;0.024630000;15780000;9459207159;S
20240124;100336;0.024635000;100000;9459207468;B
20240124;100336;0.024630000;4220000;9459207537;S
20240124;100336;0.024630000;35860000;9459207538;S
20240124;100336;0.024630000;500000;9459207539;S
20240124;100336;0.024630000;30000;9459207540;S
20240124;100336;0.024625000;4490000;9459207541;S
20240124;100336;0.024630000;1000000;9459207542;B
20240124;100337;0.024630000;20000;9459207642;S
20240124;100341;0.024630000;260000;9459208362;S
20240124;100342;0.024630000;10000;9459208483;S
20240124;100343;0.024630000;10000;9459208601;S
20240124;100347;0.024630000;200000;9459209162;S
20240124;100347;0.024630000;50000;9459209163;S
20240124;100347;0.024625000;1050000;9459209164;S
20240124;100347;0.024635000;10000;9459209209;B
20240124;100351;0.024630000;500000;9459210001;S
20240124;100351;0.024630000;8870000;9459210002;S
20240124;100353;0.024635000;370000;9459210357;B
20240124;100354;0.024635000;10000;9459210381;B
20240124;100354;0.024635000;70000;9459210449;B
20240124;100355;0.024630000;10000;9459210547;S
20240124;100357;0.024630000;300000;9459210873;S
20240124;100400;0.024630000;10820000;9459211502;S
20240124;100400;0.024630000;4180000;9459211503;S
20240124;100400;0.024630000;200000;9459211573;S
20240124;100403;0.024635000;400000;9459212198;B
20240124;100403;0.024630000;10000;9459212237;S
20240124;100403;0.024635000;90000;9459212239;B
20240124;100404;0.024630000;10000;9459212325;S
20240124;100406;0.024635000;10000;9459212564;B
20240124;100406;0.024635000;20000;9459212655;B
20240124;100406;0.024635000;500000;9459212715;B
20240124;100407;0.024630000;10000;9459212787;S
20240124;100407;0.024635000;10000;9459212790;B
20240124;100407;0.024630000;10000;9459212851;S
20240124;100408;0.024630000;90000;9459212967;S
20240124;100408;0.024630000;170000;9459212997;S
20240124;100408;0.024630000;30000;9459212998;S
20240124;100408;0.024625000;14800000;9459212999;S
20240124;100409;0.024625000;110000;9459213107;S
20240124;100409;0.024625000;140000;9459213189;S
20240124;100411;0.024630000;10000;9459213478;B
20240124;100411;0.024625000;10000;9459213480;S
20240124;100411;0.024630000;30000;9459213542;B
20240124;100411;0.024630000;1500000;9459213550;B
20240124;100413;0.024630000;3650000;9459213929;B
20240124;100414;0.024630000;10000;9459213950;B
20240124;100414;0.024630000;50000;9459214019;B
20240124;100415;0.024630000;10000;9459214126;B
20240124;100416;0.024625000;10000;9459214392;S
20240124;100417;0.024625000;20000;9459214647;S
20240124;100419;0.024625000;10000;9459215047;S
20240124;100419;0.024630000;90000;9459215073;B
20240124;100419;0.024630000;10000;9459215147;B
20240124;100420;0.024630000;70000;9459215198;B
20240124;100422;0.024630000;1690000;9459215659;B
20240124;100422;0.024630000;1070000;9459215660;B
20240124;100423;0.024625000;10000;9459215762;S
20240124;100423;0.024635000;1000000;9459215777;B
20240124;100424;0.024630000;10000;9459216172;S
20240124;100425;0.024630000;2000000;9459216267;S
20240124;100425;0.024630000;350000;9459216333;S
20240124;100426;0.024635000;15000000;9459216470;B
20240124;100426;0.024630000;50000;9459216520;S
20240124;100427;0.024635000;10000;9459216689;B
20240124;100427;0.024630000;340000;9459216709;S
20240124;100428;0.024635000;40000;9459216939;B
20240124;100430;0.024635000;10000;9459217204;B
20240124;100430;0.024635000;2000000;9459217283;B
20240124;100431;0.024630000;9430000;9459217536;S
20240124;100431;0.024630000;20000000;9459217537;S
20240124;100431;0.024630000;20000;9459217538;S
20240124;100431;0.024630000;390000;9459217539;S
20240124;100434;0.024635000;10000;9459218156;B
20240124;100435;0.024635000;20000;9459218436;B
20240124;100436;0.024635000;2500000;9459218721;B
20240124;100437;0.024630000;90000;9459218935;S
20240124;100439;0.024635000;70000;9459219620;B
20240124;100443;0.024635000;20000;9459220739;B
20240124;100444;0.024630000;520000;9459220803;S
20240124;100445;0.024635000;10000;9459221182;B
20240124;100445;0.024635000;10000;9459221310;B
20240124;100446;0.024630000;2000000;9459221406;S
20240124;100448;0.024630000;10000;9459221828;S
20240124;100451;0.024635000;10000;9459222508;B
20240124;100451;0.024635000;40000;9459222708;B
20240124;100452;0.024635000;1000000;9459222946;B
20240124;100453;0.024630000;10000;9459223034;S
20240124;100454;0.024635000;10030000;9459223273;B
20240124;100454;0.024635000;10000;9459223444;B
20240124;100454;0.024635000;10000;9459223500;B
20240124;100455;0.024630000;50000;9459223716;S
20240124;100456;0.024630000;20000;9459223900;S
20240124;100457;0.024635000;2000000;9459224113;B
20240124;100500;0.024635000;2900000;9459224783;B
20240124;100500;0.024635000;420000;9459224784;B
20240124;100500;0.024635000;100000;9459224786;B
20240124;100502;0.024635000;6900000;9459225333;B
20240124;100503;0.024635000;410000;9459225385;B
20240124;100503;0.024635000;200000;9459225414;B
20240124;100503;0.024635000;810000;9459225454;B
20240124;100503;0.024635000;130000;9459225511;B
20240124;100503;0.024635000;50000000;9459225850;B
20240124;100503;0.024630000;2000000;9459225885;S
20240124;100503;0.024635000;2000000;9459225893;B
20240124;100504;0.024630000;2020000;9459226103;S
20240124;100504;0.024630000;500000;9459226215;S
20240124;100505;0.024635000;15000000;9459226385;B
20240124;100505;0.024635000;4000000;9459226410;B
20240124;100505;0.024635000;360000;9459226439;B
20240124;100505;0.024635000;1000000;9459226440;B
20240124;100505;0.024635000;5000000;9459226441;B
20240124;100505;0.024635000;2000000;9459226442;B
20240124;100505;0.024635000;170000;9459226443;B
20240124;100505;0.024635000;800000;9459226459;B
20240124;100506;0.024635000;1360000;9459226677;B
20240124;100506;0.024635000;5000000;9459226678;B
20240124;100506;0.024635000;10000;9459226679;B
20240124;100506;0.024635000;170000;9459226680;B
20240124;100506;0.024635000;230000;9459226686;B
20240124;100506;0.024635000;40000;9459226687;B
20240124;100506;0.024635000;20000;9459226688;B
20240124;100506;0.024635000;10000;9459226700;B
20240124;100506;0.024640000;1000000;9459226866;B
20240124;100507;0.024640000;920000;9459226957;B
20240124;100507;0.024640000;80000;9459226958;B
20240124;100507;0.024640000;700000;9459227232;B
20240124;100509;0.024640000;1000000;9459227734;B
20240124;100510;0.024640000;220000;9459227986;B
20240124;100510;0.024640000;780000;9459227987;B
20240124;100511;0.024640000;220000;9459228215;B
20240124;100511;0.024640000;1000000;9459228216;B
20240124;100511;0.024640000;5000000;9459228217;B
20240124;100511;0.024640000;3920000;9459228218;B
20240124;100511;0.024640000;80000;9459228219;B
20240124;100511;0.024640000;1440000;9459228220;B
20240124;100511;0.024640000;400000;9459228221;B
20240124;100511;0.024645000;1000000;9459228222;B
20240124;100513;0.024640000;10000;9459228770;S
20240124;100516;0.024645000;2000000;9459229601;B
20240124;100518;0.024645000;50000;9459229996;B
20240124;100519;0.024645000;1200000;9459230162;B
20240124;100520;0.024645000;60000;9459230665;B
20240124;100522;0.024645000;10000;9459231026;B
20240124;100524;0.024640000;40000;9459231700;S
20240124;100527;0.024640000;20000;9459232410;S
20240124;100528;0.024640000;80000;9459232594;S
20240124;100529;0.024645000;220000;9459232744;B
20240124;100529;0.024645000;200000;9459232760;B
20240124;100530;0.024645000;10000;9459232979;B
20240124;100531;0.024645000;100000;9459233272;B
20240124;100532;0.024645000;20000;9459233466;B
20240124;100533;0.024645000;1990000;9459233571;B
20240124;100533;0.024645000;140000;9459233626;B
20240124;100533;0.024645000;50000;9459233627;B
20240124;100533;0.024645000;50000;9459233628;B
20240124;100533;0.024645000;400000;9459233629;B
20240124;100533;0.024645000;2000000;9459233630;B
20240124;100533;0.024645000;2360000;9459233631;B
20240124;100534;0.024640000;20000;9459233756;S
20240124;100534;0.024640000;100000;9459233776;S
20240124;100536;0.024640000;20000;9459234440;S
20240124;100539;0.024645000;2500000;9459234952;B
20240124;100539;0.024645000;2000000;9459235034;B
20240124;100541;0.024645000;30000;9459235448;B
20240124;100542;0.024640000;110000;9459235708;S
20240124;100543;0.024645000;200000;9459235947;B
20240124;100545;0.024645000;10000;9459236248;B
20240124;100545;0.024645000;10000;9459236284;B
20240124;100546;0.024645000;7890000;9459236464;B
20240124;100546;0.024645000;2000000;9459236465;B
20240124;100546;0.024645000;110000;9459236466;B
20240124;100546;0.024645000;50000;9459236504;B
20240124;100546;0.024640000;2540000;9459236509;S
20240124;100546;0.024640000;4070000;9459236510;S
20240124;100546;0.024640000;4000000;9459236511;S
20240124;100546;0.024640000;200000;9459236512;S
20240124;100546;0.024640000;100000;9459236513;S
20240124;100546;0.024640000;100000;9459236514;S
20240124;100546;0.024640000;100000;9459236515;S
20240124;100546;0.024640000;300000;9459236516;S
20240124;100546;0.024640000;200000;9459236517;S
20240124;100546;0.024640000;10000000;9459236518;S
20240124;100546;0.024640000;1000000;9459236519;S
20240124;100546;0.024640000;2000000;9459236520;S
20240124;100546;0.024640000;15000000;9459236521;S
20240124;100546;0.024640000;4000000;9459236522;S
20240124;100546;0.024640000;100000;9459236523;S
20240124;100546;0.024640000;11420000;9459236524;S
20240124;100546;0.024640000;1180000;9459236525;S
20240124;100546;0.024635000;1000000;9459236526;S
20240124;100546;0.024635000;12200000;9459236527;S
20240124;100546;0.024635000;7500000;9459236528;S
20240124;100546;0.024635000;500000;9459236529;S
20240124;100546;0.024635000;11420000;9459236530;S
20240124;100546;0.024635000;1000000;9459236531;S
20240124;100546;0.024635000;6000000;9459236532;S
20240124;100546;0.024635000;2000000;9459236533;S
20240124;100546;0.024635000;40000000;9459236534;S
20240124;100546;0.024635000;12170000;9459236535;S
20240124;100546;0.024630000;40000;9459236536;S
20240124;100546;0.024630000;510000;9459236537;S
20240124;100546;0.024630000;1000000;9459236538;S
20240124;100546;0.024630000;11420000;9459236539;S
20240124;100546;0.024630000;40000;9459236540;S
20240124;100546;0.024630000;20000000;9459236541;S
20240124;100546;0.024630000;6000000;9459236542;S
20240124;100546;0.024630000;60880000;9459236543;S
20240124;100546;0.024630000;100000;9459236544;S
20240124;100546;0.024630000;40000;9459236545;S
20240124;100546;0.024625000;2910000;9459236546;S
20240124;100546;0.024625000;1000000;9459236547;S
20240124;100546;0.024625000;10000;9459236548;S
20240124;100546;0.024625000;30000;9459236549;S
20240124;100546;0.024625000;9850000;9459236550;S
20240124;100546;0.024640000;1000000;9459236551;S
20240124;100546;0.024640000;3070000;9459236552;S
20240124;100547;0.024640000;210000;9459236701;B
20240124;100547;0.024635000;40000;9459236703;S
20240124;100547;0.024640000;20000;9459236725;B
20240124;100547;0.024640000;10000;9459236727;B
20240124;100549;0.024635000;460000;9459237102;S
20240124;100549;0.024635000;540000;9459237103;S
20240124;100549;0.024635000;40000;9459237136;S
20240124;100550;0.024635000;420000;9459237346;S
20240124;100550;0.024635000;580000;9459237347;S
20240124;100550;0.024640000;10000;9459237356;B
20240124;100550;0.024640000;1000000;9459237357;B
20240124;100550;0.024645000;840000;9459237358;B
20240124;100550;0.024645000;6000000;9459237359;B
20240124;100550;0.024645000;1000000;9459237360;B
20240124;100550;0.024645000;2240000;9459237361;B
20240124;100550;0.024650000;240000;9459237362;B
20240124;100550;0.024650000;150000;9459237363;B
20240124;100550;0.024650000;590000;9459237364;B
20240124;100550;0.024650000;500000;9459237365;B
20240124;100550;0.024650000;50000;9459237366;B
20240124;100550;0.024650000;20060000;9459237367;B
20240124;100550;0.024650000;2000000;9459237368;B
20240124;100550;0.024650000;20000;9459237369;B
20240124;100550;0.024650000;10000;9459237370;B
20240124;100550;0.024650000;1000000;9459237371;B
20240124;100550;0.024650000;250000;9459237372;B
20240124;100550;0.024650000;50000;9459237373;B
20240124;100550;0.024650000;10000;9459237374;B
20240124;100550;0.024650000;890000;9459237375;B
20240124;100550;0.024650000;10000;9459237376;B
20240124;100550;0.024650000;400000;9459237377;B
20240124;100550;0.024650000;6000000;9459237378;B
20240124;100550;0.024650000;1000000;9459237379;B
20240124;100550;0.024650000;9080000;9459237380;B
20240124;100550;0.024645000;10000;9459237385;B
20240124;100550;0.024645000;100000;9459237392;B
20240124;100553;0.024655000;20000;9459238078;B
20240124;100554;0.024655000;200000;9459238095;B
20240124;100554;0.024655000;60000;9459238193;B
20240124;100556;0.024655000;220000;9459238457;B
20240124;100556;0.024655000;10000;9459238458;B
20240124;100556;0.024655000;500000;9459238459;B
20240124;100556;0.024655000;50000;9459238460;B
20240124;100556;0.024655000;1220000;9459238461;B
20240124;100556;0.024645000;180000;9459238560;S
20240124;100602;0.024650000;1000000;9459239734;B
20240124;100602;0.024650000;900000;9459239735;B
20240124;100604;0.024650000;2000000;9459240311;B
20240124;100604;0.024655000;8000000;9459240312;B
20240124;100604;0.024645000;10000;9459240354;S
20240124;100605;0.024645000;60000;9459240509;S
20240124;100605;0.024655000;600000;9459240572;B
20240124;100605;0.024645000;30000;9459240655;S
20240124;100605;0.024645000;30000;9459240656;S
20240124;100606;0.024645000;470000;9459240933;S
20240124;100607;0.024645000;2850000;9459241280;B
20240124;100607;0.024655000;2240000;9459241281;B
20240124;100607;0.024655000;119120000;9459241282;B
20240124;100607;0.024655000;360000;9459241283;B
20240124;100607;0.024655000;10000;9459241284;B
20240124;100607;0.024655000;50000;9459241285;B
20240124;100607;0.024655000;10000;9459241286;B
20240124;100607;0.024655000;2000000;9459241287;B
20240124;100607;0.024655000;300000;9459241288;B
20240124;100607;0.024655000;6000000;9459241289;B
20240124;100607;0.024660000;500000;9459241290;B
20240124;100607;0.024660000;10000;9459241291;B
20240124;100607;0.024660000;500000;9459241292;B
20240124;100607;0.024660000;6000000;9459241293;B
20240124;100607;0.024660000;3240000;9459241294;B
20240124;100607;0.024660000;50000;9459241295;B
20240124;100607;0.024660000;350000;9459241296;B
20240124;100607;0.024660000;20000;9459241297;B
20240124;100607;0.024660000;12170000;9459241298;B
20240124;100607;0.024665000;1000000;9459241299;B
20240124;100607;0.024665000;500000;9459241300;B
20240124;100607;0.024665000;10000;9459241301;B
20240124;100607;0.024665000;10000;9459241302;B
20240124;100607;0.024665000;500000;9459241303;B
20240124;100607;0.024665000;6000000;9459241304;B
20240124;100607;0.024665000;200000;9459241305;B
20240124;100607;0.024665000;550000;9459241306;B
20240124;100607;0.024670000;20000;9459241307;B
20240124;100607;0.024670000;4000000;9459241308;B
20240124;100607;0.024670000;5000000;9459241309;B
20240124;100607;0.024670000;20000000;9459241310;B
20240124;100607;0.024670000;500000;9459241311;B
20240124;100607;0.024670000;50000;9459241312;B
20240124;100607;0.024670000;500000;9459241313;B
20240124;100607;0.024670000;6000000;9459241314;B
20240124;100607;0.024670000;10000;9459241315;B
20240124;100607;0.024670000;11420000;9459241316;B
20240124;100607;0.024675000;500000;9459241317;B
20240124;100607;0.024675000;10000;9459241318;B
20240124;100607;0.024675000;500000;9459241319;B
20240124;100607;0.024675000;11420000;9459241320;B
20240124;100607;0.024675000;6000000;9459241321;B
20240124;100607;0.024675000;2700000;9459241322;B
20240124;100607;0.024675000;2000000;9459241371;B
20240124;100608;0.024670000;10000;9459241742;B
20240124;100610;0.024660000;10000;9459241987;S
20240124;100610;0.024660000;30000;9459242186;S
20240124;100612;0.024665000;20000;9459242477;B
20240124;100612;0.024670000;100000;9459242478;B
20240124;100612;0.024670000;10000;9459242479;B
20240124;100612;0.024670000;5000000;9459242480;B
20240124;100612;0.024670000;10000;9459242481;B
20240124;100612;0.024670000;2290000;9459242482;B
20240124;100613;0.024675000;1000000;9459242896;B
20240124;100614;0.024670000;300000;9459243008;S
20240124;100614;0.024670000;120000;9459243095;S
20240124;100615;0.024670000;2000000;9459243194;S
20240124;100616;0.024670000;10000;9459243475;S
20240124;100617;0.024675000;440000;9459243711;B
20240124;100618;0.024675000;2860000;9459243818;B
20240124;100618;0.024675000;2230000;9459243819;B
20240124;100618;0.024675000;120000;9459243864;B
20240124;100619;0.024675000;1950000;9459244188;B
20240124;100619;0.024680000;500000;9459244189;B
20240124;100619;0.024680000;500000;9459244190;B
20240124;100619;0.024680000;10000;9459244191;B
20240124;100619;0.024680000;1930000;9459244192;B
20240124;100619;0.024670000;10000;9459244292;S
20240124;100619;0.024670000;20000;9459244310;S
20240124;100620;0.024680000;200000;9459244393;B
20240124;100620;0.024680000;3000000;9459244395;B
20240124;100622;0.024675000;10000;9459244967;B
20240124;100622;0.024675000;10000;9459244968;B
20240124;100622;0.024675000;280000;9459244969;B
20240124;100623;0.024675000;10000;9459245184;S
20240124;100623;0.024680000;12150000;9459245296;B
20240124;100623;0.024680000;10000;9459245297;B
20240124;100623;0.024685000;500000;9459245298;B
20240124;100623;0.024685000;10000;9459245299;B
20240124;100623;0.024685000;500000;9459245300;B
20240124;100623;0.024685000;4000000;9459245301;B
20240124;100623;0.024690000;4040000;9459245302;B
20240124;100623;0.024690000;50000;9459245303;B
20240124;100623;0.024690000;80000;9459245304;B
20240124;100623;0.024690000;500000;9459245305;B
20240124;100623;0.024690000;10000;9459245306;B
20240124;100623;0.024690000;500000;9459245307;B
20240124;100623;0.024690000;40000;9459245308;B
20240124;100623;0.024690000;10000;9459245309;B
20240124;100623;0.024690000;340000;9459245310;B
20240124;100623;0.024690000;1000000;9459245311;B
20240124;100623;0.024690000;2000000;9459245312;B
20240124;100623;0.024690000;4070000;9459245313;B
20240124;100623;0.024690000;30190000;9459245314;B
20240124;100623;0.024675000;500000;9459245324;S
20240124;100623;0.024685000;1200000;9459245388;B
20240124;100623;0.024675000;2000000;9459245389;S
20240124;100624;0.024675000;1000000;9459245404;S
20240124;100624;0.024675000;2000000;9459245579;S
20240124;100625;0.024685000;10000000;9459245621;B
20240124;100625;0.024675000;210000;9459245705;S
20240124;100625;0.024685000;950000;9459245743;B
20240124;100625;0.024685000;4070000;9459245744;B
20240124;100625;0.024685000;2210000;9459245745;B
20240124;100625;0.024685000;12770000;9459245746;B
20240124;100625;0.024675000;9990000;9459245750;S
20240124;100625;0.024670000;11650000;9459245751;S
20240124;100626;0.024685000;1000000;9459245786;B
20240124;100626;0.024685000;6240000;9459245886;B
20240124;100628;0.024675000;50000;9459246226;S
20240124;100629;0.024675000;20000;9459246301;S
20240124;100629;0.024675000;10000;9459246302;S
20240124;100629;0.024675000;20000;9459246303;S
20240124;100629;0.024670000;980000;9459246304;S
20240124;100629;0.024670000;20000;9459246377;S
20240124;100629;0.024670000;20000;9459246421;S
20240124;100630;0.024680000;10000;9459246543;B
20240124;100632;0.024685000;10000;9459246726;B
20240124;100632;0.024685000;20000;9459246727;B
20240124;100632;0.024685000;40000;9459246853;B
20240124;100632;0.024675000;10000;9459246914;S
20240124;100633;0.024685000;10000;9459247058;B
20240124;100633;0.024675000;5990000;9459247079;S
20240124;100633;0.024675000;12200000;9459247080;S
20240124;100633;0.024670000;2440000;9459247081;S
20240124;100633;0.024670000;500000;9459247082;S
20240124;100633;0.024670000;6000000;9459247083;S
20240124;100633;0.024670000;1000000;9459247084;S
20240124;100633;0.024670000;11420000;9459247085;S
20240124;100633;0.024670000;2080000;9459247086;S
20240124;100633;0.024665000;6000000;9459247087;S
20240124;100633;0.024665000;2370000;9459247088;S
20240124;100634;0.024680000;300000;9459247137;B
20240124;100634;0.024670000;40000;9459247169;S
20240124;100634;0.024685000;30000;9459247232;B
20240124;100635;0.024670000;60000;9459247457;S
20240124;100636;0.024685000;200000;9459247574;B
20240124;100636;0.024685000;10000;9459247575;B
20240124;100636;0.024685000;2370000;9459247576;B
20240124;100636;0.024685000;30000;9459247577;B
20240124;100636;0.024685000;2000000;9459247578;B
20240124;100636;0.024685000;390000;9459247579;S
20240124;100636;0.024670000;5900000;9459247602;S
20240124;100636;0.024670000;12100000;9459247603;S
20240124;100637;0.024685000;30000;9459247763;B
20240124;100637;0.024680000;2000000;9459247826;B
20240124;100637;0.024675000;410000;9459247863;S
20240124;100638;0.024680000;2100000;9459247929;B
20240124;100638;0.024685000;1970000;9459247930;B
20240124;100638;0.024690000;19810000;9459247931;B
20240124;100638;0.024690000;14000000;9459247932;B
20240124;100638;0.024690000;1200000;9459247933;B
20240124;100638;0.024690000;10000;9459247934;B
20240124;100638;0.024690000;2000000;9459247935;B
20240124;100638;0.024690000;4000000;9459247936;B
20240124;100638;0.024695000;4060000;9459247937;B
20240124;100638;0.024695000;500000;9459247938;B
20240124;100638;0.024695000;10000;9459247939;B
20240124;100638;0.024695000;1300000;9459247940;B
20240124;100638;0.024695000;10000;9459247971;B
20240124;100638;0.024680000;10000;9459248046;S
20240124;100638;0.024695000;150000;9459248108;B
20240124;100639;0.024680000;18200000;9459248190;S
20240124;100641;0.024685000;30000;9459248528;B
20240124;100643;0.024685000;60000;9459248763;S
20240124;100643;0.024690000;10000;9459248819;B
20240124;100643;0.024690000;400000;9459248820;B
20240124;100643;0.024690000;1580000;9459248821;B
20240124;100643;0.024685000;1330000;9459248822;S
20240124;100645;0.024695000;300000;9459249150;B
20240124;100646;0.024690000;110000;9459249163;S
20240124;100646;0.024695000;20000;9459249270;B
20240124;100646;0.024695000;1650000;9459249271;B
20240124;100646;0.024695000;330000;9459249272;B
20240124;100648;0.024690000;10000;9459249409;S
20240124;100650;0.024695000;10000;9459249766;B
20240124;100650;0.024690000;380000;9459249781;S
20240124;100650;0.024690000;20000;9459249794;B
20240124;100650;0.024690000;500000;9459249824;B
20240124;100650;0.024685000;8610000;9459249860;S
20240124;100650;0.024685000;500000;9459249861;S
20240124;100650;0.024680000;40000;9459249862;S
20240124;100650;0.024680000;2090000;9459249863;S
20240124;100650;0.024680000;2000000;9459249864;S
20240124;100650;0.024680000;610000;9459249882;B
20240124;100650;0.024675000;530000;9459249911;S
20240124;100651;0.024680000;200000;9459249940;B
20240124;100652;0.024675000;120000;9459250076;S
20240124;100652;0.024680000;2020000;9459250147;B
20240124;100652;0.024675000;440000;9459250163;S
20240124;100653;0.024675000;120000;9459250407;S
20240124;100653;0.024675000;20000;9459250416;S
20240124;100654;0.024680000;10000;9459250629;B
20240124;100654;0.024675000;120000;9459250642;S
20240124;100655;0.024680000;23500000;9459250841;B
20240124;100655;0.024680000;50000;9459250843;B
20240124;100656;0.024675000;1990000;9459250881;S
20240124;100656;0.024675000;120000;9459251038;S
20240124;100657;0.024680000;2000000;9459251101;B
20240124;100657;0.024675000;23160000;9459251102;S
20240124;100657;0.024675000;4030000;9459251103;S
20240124;100657;0.024675000;500000;9459251104;S
20240124;100657;0.024680000;2620000;9459251105;B
20240124;100657;0.024675000;1000000;9459251190;B
20240124;100659;0.024680000;10000;9459251402;B
20240124;100659;0.024680000;12170000;9459251403;B
20240124;100659;0.024685000;40000;9459251404;B
20240124;100659;0.024685000;1000000;9459251405;B
20240124;100659;0.024685000;18210000;9459251406;B
20240124;100659;0.024685000;12200000;9459251407;B
20240124;100659;0.024685000;2110000;9459251408;B
20240124;100659;0.024690000;14260000;9459251409;B
20240124;100702;0.024675000;30500000;9459251996;S
20240124;100702;0.024675000;1000000;9459251997;S
20240124;100702;0.024675000;6000000;9459251998;S
20240124;100702;0.024675000;2500000;9459251999;S
20240124;100702;0.024680000;1000000;9459252155;B
20240124;100702;0.024680000;1500000;9459252156;B
20240124;100703;0.024675000;40000;9459252232;S
20240124;100704;0.024685000;1000000;9459252461;B
20240124;100706;0.024685000;100000;9459252722;B
20240124;100706;0.024685000;550000;9459252729;B
20240124;100706;0.024685000;40000;9459252788;B
20240124;100708;0.024680000;100000;9459253073;B
20240124;100709;0.024680000;3500000;9459253357;B
20240124;100710;0.024670000;60000;9459253492;S
20240124;100711;0.024675000;10000;9459253672;B
20240124;100713;0.024675000;100000;9459254045;B
20240124;100714;0.024675000;20000;9459254303;B
20240124;100715;0.024675000;600000;9459254469;B
20240124;100716;0.024675000;280000;9459254619;B
20240124;100716;0.024675000;1000000;9459254620;B
20240124;100716;0.024675000;720000;9459254621;B
20240124;100717;0.024670000;10000;9459254789;S
20240124;100718;0.024675000;10000;9459254935;B
20240124;100718;0.024675000;10000;9459254943;B
20240124;100718;0.024670000;1000000;9459255019;S
20240124;100719;0.024675000;10000;9459255210;B
20240124;100719;0.024675000;10000000;9459255239;B
20240124;100720;0.024670000;10350000;9459255278;S
20240124;100720;0.024670000;500000;9459255279;S
20240124;100720;0.024670000;1000000;9459255280;S
20240124;100720;0.024670000;1550000;9459255281;B
20240124;100720;0.024670000;9870000;9459255282;B
20240124;100720;0.024670000;1500000;9459255283;B
20240124;100720;0.024670000;370000;9459255284;B
20240124;100720;0.024670000;2830000;9459255287;S
20240124;100720;0.024670000;200000;9459255288;S
20240124;100720;0.024670000;1000000;9459255289;S
20240124;100720;0.024670000;1800000;9459255290;S
20240124;100720;0.024670000;50000;9459255348;S
20240124;100720;0.024675000;30000;9459255383;B
20240124;100721;0.024675000;40000;9459255463;B
20240124;100721;0.024675000;550000;9459255499;B
20240124;100722;0.024670000;950000;9459255650;S
20240124;100722;0.024670000;500000;9459255651;S
20240124;100723;0.024670000;230000;9459255799;B
20240124;100724;0.024670000;10000;9459256003;B
20240124;100727;0.024665000;6500000;9459256366;S
20240124;100727;0.024670000;7000000;9459256389;B
20240124;100727;0.024670000;20000;9459256473;B
20240124;100727;0.024670000;40000;9459256475;B
20240124;100728;0.024665000;4920000;9459256601;S
20240124;100728;0.024665000;500000;9459256602;S
20240124;100728;0.024665000;11420000;9459256603;B
20240124;100728;0.024670000;620000;9459256722;B
20240124;100728;0.024670000;3000000;9459256748;B
20240124;100729;0.024665000;200000;9459256792;S
20240124;100729;0.024670000;2000000;9459256824;B
20240124;100729;0.024665000;300000;9459256866;S
20240124;100729;0.024660000;220000;9459256867;S
20240124;100730;0.024665000;10000;9459256952;B
20240124;100730;0.024660000;780000;9459256986;S
20240124;100730;0.024660000;50000;9459257040;S
20240124;100731;0.024660000;10370000;9459257127;S
20240124;100731;0.024660000;2000000;9459257128;S
20240124;100731;0.024660000;10000;9459257129;S
20240124;100731;0.024660000;10000;9459257130;S
20240124;100731;0.024660000;10000;9459257131;S
20240124;100731;0.024660000;10000;9459257132;S
20240124;100731;0.024660000;10000;9459257133;S
20240124;100731;0.024660000;10000;9459257134;S
20240124;100731;0.024660000;8570000;9459257135;S
20240124;100732;0.024670000;10000;9459257235;B
20240124;100734;0.024665000;550000;9459257662;B
20240124;100735;0.024670000;330000;9459257770;B
20240124;100737;0.024660000;10000;9459258202;S
20240124;100737;0.024660000;800000;9459258300;S
20240124;100738;0.024665000;10000;9459258421;B
20240124;100738;0.024665000;2080000;9459258422;B
20240124;100738;0.024670000;6200000;9459258423;B
20240124;100738;0.024670000;1710000;9459258424;B
20240124;100739;0.024665000;20000;9459258612;B
20240124;100740;0.024665000;10000;9459258668;B
20240124;100741;0.024665000;20000;9459258890;B
20240124;100741;0.024665000;100000;9459258891;B
20240124;100741;0.024665000;620000;9459258917;B
20240124;100742;0.024665000;40000;9459259127;B
20240124;100743;0.024660000;290000;9459259197;S
20240124;100743;0.024660000;200000;9459259250;S
20240124;100745;0.024665000;500000;9459259618;B
20240124;100746;0.024665000;10000;9459259708;B
20240124;100746;0.024665000;550000;9459259735;B
20240124;100746;0.024665000;10330000;9459259821;B
20240124;100746;0.024665000;2070000;9459259822;B
20240124;100746;0.024670000;290000;9459259823;B
20240124;100746;0.024670000;1380000;9459259824;B
20240124;100746;0.024670000;13470000;9459259825;B
20240124;100746;0.024670000;10000;9459259826;B
20240124;100746;0.024670000;4000000;9459259827;B
20240124;100746;0.024670000;200000;9459259828;B
20240124;100746;0.024675000;140000;9459259829;B
20240124;100746;0.024675000;41420000;9459259830;B
20240124;100746;0.024675000;2000000;9459259831;B
20240124;100746;0.024675000;5690000;9459259832;B
20240124;100749;0.024660000;3700000;9459260278;S
20240124;100749;0.024660000;500000;9459260279;S
20240124;100749;0.024660000;5790000;9459260280;S
20240124;100750;0.024670000;1000000;9459260517;B
20240124;100751;0.024665000;10000;9459260598;S
20240124;100751;0.024665000;70000;9459260701;S
20240124;100751;0.024670000;110000;9459260702;B
20240124;100752;0.024670000;130000;9459260844;B
20240124;100756;0.024670000;10000;9459261370;B
20240124;100756;0.024670000;10000;9459261490;B
20240124;100757;0.024670000;740000;9459261583;B
20240124;100757;0.024670000;11340000;9459261584;B
20240124;100757;0.024670000;20000;9459261585;B
20240124;100757;0.024670000;2050000;9459261586;B
20240124;100757;0.024670000;10000000;9459261587;B
20240124;100757;0.024675000;200000;9459261588;B
20240124;100757;0.024675000;12200000;9459261589;B
20240124;100757;0.024675000;10000;9459261590;B
20240124;100757;0.024680000;6850000;9459261591;B
20240124;100757;0.024680000;620000;9459261616;B
20240124;100800;0.024665000;420000;9459262049;S
20240124;100800;0.024665000;580000;9459262050;S
20240124;100800;0.024670000;200000;9459262176;B
20240124;100801;0.024665000;10000;9459262262;S
20240124;100802;0.024675000;550000;9459262474;B
20240124;100804;0.024675000;10000;9459262751;B
20240124;100805;0.024665000;320000;9459262951;S
20240124;100805;0.024670000;50000;9459262957;B
20240124;100808;0.024670000;2500000;9459263557;B
20240124;100808;0.024665000;50000;9459263627;S
20240124;100809;0.024665000;20000;9459263767;S
20240124;100809;0.024665000;470000;9459263768;S
20240124;100811;0.024670000;10000;9459264114;B
20240124;100811;0.024670000;30000;9459264213;B
20240124;100812;0.024670000;620000;9459264356;B
20240124;100814;0.024665000;10000;9459264638;S
20240124;100815;0.024670000;250000;9459264808;B
20240124;100816;0.024670000;40000;9459264993;B
20240124;100816;0.024670000;150000;9459265102;B
20240124;100816;0.024665000;10000;9459265105;S
20240124;100817;0.024670000;550000;9459265252;B
20240124;100819;0.024670000;10000;9459265448;B
20240124;100820;0.024665000;50000;9459265634;S
20240124;100820;0.024670000;2020000;9459265645;B
20240124;100822;0.024670000;10000;9459265859;B
20240124;100822;0.024665000;430000;9459265860;S
20240124;100822;0.024665000;10000;9459265861;S
20240124;100822;0.024665000;50000;9459265882;B
20240124;100824;0.024670000;740000;9459266191;B
20240124;100826;0.024670000;10000;9459266516;B
20240124;100830;0.024660000;40000;9459267098;S
20240124;100830;0.024665000;550000;9459267186;B
20240124;100830;0.024665000;10000;9459267299;B
20240124;100835;0.024670000;40000;9459268042;B
20240124;100835;0.024670000;770000;9459268075;B
20240124;100838;0.024660000;5590000;9459268449;S
20240124;100838;0.024660000;10610000;9459268450;S
20240124;100840;0.024670000;80000;9459268688;B
20240124;100841;0.024670000;20000;9459268880;B
20240124;100843;0.024660000;70000;9459269200;S
20240124;100843;0.024670000;90000;9459269275;B
20240124;100843;0.024670000;550000;9459269333;B
20240124;100847;0.024670000;40000;9459269905;B
20240124;100848;0.024670000;30000;9459269940;B
20240124;100848;0.024660000;210000;9459269943;S
20240124;100849;0.024660000;30000;9459270123;S
20240124;100849;0.024670000;10000;9459270151;B
20240124;100850;0.024660000;30000;9459270161;S
20240124;100850;0.024665000;10000;9459270258;B
20240124;100853;0.024665000;680000;9459270550;B
20240124;100854;0.024660000;18100000;9459270682;S
20240124;100854;0.024660000;20000;9459270683;S
20240124;100854;0.024660000;10000;9459270684;S
20240124;100854;0.024660000;12160000;9459270685;S
20240124;100854;0.024660000;400000;9459270686;S
20240124;100854;0.024660000;500000;9459270687;S
20240124;100854;0.024660000;15000000;9459270688;S
20240124;100854;0.024660000;20000;9459270689;S
20240124;100854;0.024660000;11420000;9459270690;S
20240124;100854;0.024660000;550000;9459270691;S
20240124;100854;0.024660000;110000;9459270692;S
20240124;100854;0.024655000;9000000;9459270712;S
20240124;100855;0.024660000;10000;9459270865;B
20240124;100856;0.024655000;10000;9459271098;S
20240124;100858;0.024660000;40000000;9459271421;B
20240124;100900;0.024660000;550000;9459271660;B
20240124;100901;0.024660000;90000;9459271719;B
20240124;100901;0.024655000;1000000;9459271788;S
20240124;100903;0.024655000;30000;9459272046;S
20240124;100905;0.024655000;130000;9459272466;S
20240124;100905;0.024660000;5330000;9459272501;B
20240124;100905;0.024655000;10000;9459272514;S
20240124;100906;0.024660000;610000;9459272573;B
20240124;100906;0.024655000;1240000;9459272583;S
20240124;100906;0.024655000;100000;9459272584;S
20240124;100906;0.024655000;500000;9459272585;S
20240124;100906;0.024650000;4710000;9459272586;S
20240124;100906;0.024655000;110000;9459272594;B
20240124;100907;0.024655000;40000;9459272704;B
20240124;100907;0.024660000;2850000;9459272886;B
20240124;100909;0.024660000;10000;9459273057;B
20240124;100910;0.024650000;400000;9459273273;S
20240124;100911;0.024655000;550000;9459273379;B
20240124;100913;0.024655000;10000;9459273834;B
20240124;100913;0.024655000;3000000;9459273837;B
20240124;100914;0.024660000;10000;9459274021;B
20240124;100915;0.024650000;10000;9459274104;S
20240124;100916;0.024655000;80000;9459274258;B
20240124;100916;0.024655000;20000;9459274259;B
20240124;100916;0.024655000;10000;9459274276;B
20240124;100916;0.024660000;2850000;9459274280;B
20240124;100917;0.024660000;20000;9459274401;B
20240124;100919;0.024660000;100000;9459274635;B
20240124;100920;0.024655000;12200000;9459274817;S
20240124;100920;0.024655000;1110000;9459274818;S
20240124;100921;0.024655000;10310000;9459274922;S
20240124;100921;0.024655000;1670000;9459274923;S
20240124;100921;0.024650000;6300000;9459274924;S
20240124;100921;0.024650000;10000;9459274925;S
20240124;100921;0.024650000;7500000;9459274926;S
20240124;100921;0.024650000;500000;9459274927;S
20240124;100921;0.024650000;3710000;9459274928;S
20240124;100921;0.024655000;2180000;9459274929;B
20240124;100921;0.024660000;20000;9459274981;B
20240124;100924;0.024655000;1000000;9459275532;S
20240124;100925;0.024660000;10000;9459275605;B
20240124;100925;0.024655000;6500000;9459275627;S
20240124;100925;0.024655000;500000;9459275628;S
20240124;100925;0.024655000;70000;9459275629;S
20240124;100925;0.024650000;10000;9459275630;S
20240124;100925;0.024650000;3920000;9459275631;S
20240124;100926;0.024655000;10000;9459275871;B
20240124;100926;0.024650000;7500000;9459275872;S
20240124;100926;0.024650000;7500000;9459275873;S
20240124;100926;0.024650000;500000;9459275874;S
20240124;100926;0.024645000;4910000;9459275875;S
20240124;100926;0.024655000;90000;9459275891;B
20240124;100927;0.024650000;500000;9459275913;S
20240124;100927;0.024645000;6510000;9459275914;S
20240124;100927;0.024645000;40000;9459275915;S
20240124;100927;0.024645000;10000;9459275916;S
20240124;100927;0.024645000;10000;9459275917;S
20240124;100927;0.024645000;10000;9459275918;S
20240124;100927;0.024645000;10000;9459275919;S
20240124;100927;0.024645000;10320000;9459275920;S
20240124;100927;0.024650000;100000;9459275926;S
20240124;100927;0.024650000;50000;9459276011;S
20240124;100927;0.024655000;10000;9459276014;B
20240124;100927;0.024655000;20000;9459276028;B
20240124;100927;0.024655000;20000;9459276032;B
20240124;100928;0.024650000;80000;9459276074;S
20240124;100928;0.024650000;50000;9459276172;S
20240124;100929;0.024655000;140000;9459276325;B
20240124;100931;0.024655000;10000;9459276768;B
20240124;100932;0.024650000;220000;9459276854;S
20240124;100932;0.024645000;1280000;9459276855;S
20240124;100933;0.024650000;40000;9459276987;S
20240124;100933;0.024650000;460000;9459277090;S
20240124;100933;0.024645000;10140000;9459277091;S
20240124;100933;0.024645000;10000;9459277092;S
20240124;100933;0.024645000;2170000;9459277093;S
20240124;100933;0.024640000;8720000;9459277094;S
20240124;100933;0.024655000;100000;9459277179;B
20240124;100935;0.024655000;110000;9459277398;B
20240124;100935;0.024650000;20000;9459277560;S
20240124;100936;0.024650000;480000;9459277584;S
20240124;100936;0.024645000;1020000;9459277585;S
20240124;100937;0.024655000;10000;9459277697;B
20240124;100939;0.024650000;30000;9459278045;S
20240124;100940;0.024650000;220000;9459278095;S
20240124;100941;0.024650000;10000;9459278372;S
20240124;100942;0.024655000;10000;9459278560;B
20240124;100945;0.024650000;240000;9459278945;S
20240124;100949;0.024645000;10400000;9459279490;S
20240124;100949;0.024645000;36290000;9459279491;S
20240124;100951;0.024650000;20000;9459279677;B
20240124;100952;0.024650000;110000;9459279835;B
20240124;100956;0.024645000;600000;9459280429;S
20240124;100957;0.024645000;600000;9459280601;S
20240124;100957;0.024650000;20000;9459280648;B
20240124;100958;0.024650000;1610000;9459280777;B
20240124;100958;0.024650000;5000000;9459280778;B
20240124;100958;0.024650000;390000;9459280779;B
20240124;101000;0.024645000;17250000;9459280946;S
20240124;101000;0.024650000;40000;9459280960;B
20240124;101000;0.024645000;120000;9459281034;S
20240124;101002;0.024645000;10000;9459281275;S
20240124;101003;0.024650000;10000;9459281530;B
20240124;101004;0.024645000;5210000;9459281553;S
20240124;101004;0.024645000;500000;9459281554;S
20240124;101004;0.024645000;5290000;9459281555;S
20240124;101004;0.024645000;200000;9459281638;S
20240124;101004;0.024650000;100000;9459281660;B
20240124;101007;0.024650000;10000;9459282165;B
20240124;101008;0.024645000;210000;9459282222;S
20240124;101008;0.024650000;60000;9459282231;B
20240124;101009;0.024645000;5720000;9459282386;S
20240124;101009;0.024645000;2050000;9459282387;S
20240124;101010;0.024650000;300000;9459282540;B
20240124;101012;0.024650000;50000;9459282788;B
20240124;101014;0.024650000;20000;9459283120;B
20240124;101016;0.024645000;10000;9459283334;S
20240124;101017;0.024645000;500000;9459283553;S
20240124;101017;0.024645000;7980000;9459283554;S
20240124;101018;0.024650000;80000;9459283614;B
20240124;101019;0.024650000;330000;9459283747;B
20240124;101019;0.024650000;600000;9459283843;B
20240124;101021;0.024650000;110000;9459284128;B
20240124;101023;0.024645000;80000;9459284393;S
20240124;101023;0.024650000;10000;9459284414;B
20240124;101023;0.024650000;10000;9459284427;B
20240124;101027;0.024650000;10000;9459284960;B
20240124;101029;0.024645000;200000;9459285253;S
20240124;101030;0.024645000;220000;9459285389;S
20240124;101030;0.024645000;40000;9459285390;S
20240124;101030;0.024645000;450000;9459285392;B
20240124;101035;0.024640000;2700000;9459286175;S
20240124;101035;0.024640000;1000000;9459286176;S
20240124;101035;0.024640000;6000000;9459286177;S
20240124;101035;0.024640000;160000;9459286178;S
20240124;101035;0.024640000;140000;9459286179;S
20240124;101035;0.024645000;10000;9459286182;B
20240124;101037;0.024640000;170000;9459286446;S
20240124;101039;0.024645000;270000;9459286728;B
20240124;101040;0.024645000;20000;9459286789;S
20240124;101041;0.024650000;20000;9459287003;B
20240124;101041;0.024645000;20000;9459287075;B
20240124;101042;0.024645000;220000;9459287164;B
20240124;101042;0.024645000;140000;9459287168;B
20240124;101045;0.024645000;30000;9459287483;B
20240124;101046;0.024645000;50000;9459287803;B
20240124;101047;0.024640000;10000;9459288074;S
20240124;101047;0.024645000;10000;9459288122;B
20240124;101048;0.024640000;170000;9459288190;S
20240124;101048;0.024640000;7010000;9459288201;S
20240124;101048;0.024640000;2240000;9459288202;S
20240124;101050;0.024645000;220000;9459288404;B
20240124;101052;0.024640000;10000;9459288765;S
20240124;101052;0.024640000;9910000;9459288781;S
20240124;101052;0.024640000;500000;9459288782;S
20240124;101052;0.024640000;10000;9459288783;S
20240124;101052;0.024640000;580000;9459288784;S
20240124;101053;0.024645000;1000000;9459288876;B
20240124;101054;0.024645000;1000000;9459288984;B
20240124;101054;0.024645000;60000;9459288990;B
20240124;101056;0.024645000;10000;9459289287;B
20240124;101057;0.024645000;260000;9459289343;B
20240124;101057;0.024645000;2160000;9459289344;B
20240124;101057;0.024645000;20000000;9459289345;B
20240124;101057;0.024645000;1000000;9459289346;B
20240124;101057;0.024645000;2000000;9459289347;B
20240124;101057;0.024645000;11180000;9459289348;B
20240124;101058;0.024645000;2000000;9459289568;S
20240124;101058;0.024645000;190000;9459289570;S
20240124;101058;0.024650000;200000;9459289605;B
20240124;101058;0.024645000;20000000;9459289607;S
20240124;101101;0.024645000;20000000;9459289939;S
20240124;101102;0.024645000;100000;9459289953;S
20240124;101103;0.024645000;10000;9459290214;S
20240124;101103;0.024650000;160000;9459290266;B
20240124;101105;0.024650000;80000;9459290652;B
20240124;101107;0.024650000;400000;9459290912;B
20240124;101108;0.024650000;10000;9459291091;B
20240124;101109;0.024650000;4150000;9459291251;B
20240124;101109;0.024650000;150000;9459291252;B
20240124;101109;0.024650000;5700000;9459291253;B
20240124;101110;0.024650000;30000;9459291318;B
20240124;101111;0.024650000;100000;9459291384;B
20240124;101112;0.024645000;30000;9459291657;S
20240124;101113;0.024650000;20000;9459291815;B
20240124;101117;0.024645000;50000;9459292358;S
20240124;101118;0.024650000;10000;9459292452;B
20240124;101118;0.024650000;10000;9459292468;B
20240124;101120;0.024650000;260000;9459292717;B
20240124;101120;0.024645000;100000;9459292721;S
20240124;101122;0.024650000;80000;9459293315;B
20240124;101124;0.024645000;50000;9459293627;S
20240124;101125;0.024650000;20000;9459293756;B
20240124;101126;0.024650000;30000;9459293794;B
20240124;101127;0.024650000;2000000;9459293984;B
20240124;101130;0.024645000;1000000;9459294236;S
20240124;101130;0.024650000;60000;9459294241;B
20240124;101130;0.024650000;500000;9459294242;B
20240124;101131;0.024650000;10000;9459294318;B
20240124;101133;0.024645000;2000000;9459294560;S
20240124;101133;0.024650000;30000;9459294606;B
20240124;101134;0.024650000;540000;9459294688;B
20240124;101135;0.024650000;20000;9459294875;B
20240124;101138;0.024650000;10000;9459295220;B
20240124;101139;0.024645000;50000;9459295353;S
20240124;101141;0.024650000;10000;9459295708;B
20240124;101142;0.024650000;70000;9459295862;B
20240124;101143;0.024645000;270000;9459295945;S
20240124;101145;0.024645000;5000000;9459296155;S
20240124;101146;0.024645000;100000;9459296198;S
20240124;101148;0.024650000;10000;9459296448;B
20240124;101153;0.024650000;10000;9459297039;B
20240124;101153;0.024650000;40000;9459297094;B
20240124;101156;0.024650000;410000;9459297448;B
20240124;101156;0.024650000;20000;9459297469;B
20240124;101156;0.024650000;580000;9459297470;B
20240124;101157;0.024650000;700000;9459297489;B
20240124;101158;0.024645000;7400000;9459297586;S
20240124;101158;0.024650000;720000;9459297647;B
20240124;101158;0.024650000;2000000;9459297648;B
20240124;101158;0.024650000;2280000;9459297649;B
20240124;101200;0.024650000;2200000;9459297833;B
20240124;101200;0.024650000;80000;9459297834;B
20240124;101200;0.024650000;500000;9459297835;B
20240124;101200;0.024650000;940000;9459297836;B
20240124;101200;0.024655000;10000;9459297858;B
20240124;101200;0.024655000;540000;9459297859;B
20240124;101200;0.024655000;10000;9459297907;B
20240124;101203;0.024655000;1450000;9459298255;B
20240124;101203;0.024655000;550000;9459298256;B
20240124;101205;0.024655000;1600000;9459298488;B
20240124;101207;0.024650000;10000;9459298912;S
20240124;101207;0.024650000;500000;9459298913;S
20240124;101207;0.024645000;5050000;9459298914;S
20240124;101207;0.024645000;40000;9459298915;S
20240124;101207;0.024645000;500000;9459298916;S
20240124;101207;0.024645000;10000;9459298917;S
20240124;101207;0.024645000;500000;9459298918;S
20240124;101207;0.024645000;4070000;9459298919;S
20240124;101207;0.024645000;1000000;9459298920;S
20240124;101207;0.024645000;2150000;9459298921;S
20240124;101207;0.024640000;80000;9459298922;S
20240124;101207;0.024640000;1000000;9459298923;S
20240124;101207;0.024640000;1090000;9459298924;S
20240124;101208;0.024645000;430000;9459299141;S
20240124;101209;0.024650000;10000;9459299287;B
20240124;101210;0.024650000;1250000;9459299383;B
20240124;101210;0.024650000;20000;9459299422;S
20240124;101216;0.024655000;10000;9459300196;B
20240124;101218;0.024655000;90000;9459300473;B
20240124;101220;0.024655000;100000;9459300742;B
20240124;101222;0.024655000;10000;9459301048;B
20240124;101223;0.024650000;2000000;9459301123;S
20240124;101223;0.024650000;10000;9459301154;S
20240124;101223;0.024650000;20000;9459301155;S
20240124;101223;0.024650000;100000;9459301165;B
20240124;101225;0.024645000;10000;9459301518;S
20240124;101226;0.024650000;100000;9459301575;B
20240124;101226;0.024645000;60000;9459301694;S
20240124;101226;0.024645000;1440000;9459301695;S
20240124;101227;0.024650000;60000;9459301790;B
20240124;101229;0.024650000;50000;9459302064;B
20240124;101230;0.024645000;50000;9459302110;S
20240124;101230;0.024650000;430000;9459302138;B
20240124;101231;0.024650000;20000;9459302238;B
20240124;101231;0.024650000;30000;9459302256;B
20240124;101234;0.024650000;40000;9459302541;B
20240124;101234;0.024650000;3540000;9459302562;B
20240124;101234;0.024650000;10000000;9459302563;B
20240124;101234;0.024650000;2000000;9459302564;B
20240124;101234;0.024650000;2140000;9459302565;B
20240124;101234;0.024650000;1000000;9459302566;B
20240124;101234;0.024650000;1320000;9459302567;B
20240124;101234;0.024655000;1000000;9459302583;B
20240124;101237;0.024655000;40000;9459302887;B
20240124;101237;0.024645000;460000;9459302900;S
20240124;101240;0.024645000;200000;9459303246;S
20240124;101240;0.024655000;10000;9459303255;B
20240124;101246;0.024650000;2000000;9459304049;S
20240124;101253;0.024650000;70000;9459304979;S
20240124;101254;0.024650000;280000;9459305178;S
20240124;101256;0.024655000;50000;9459305466;B
20240124;101256;0.024650000;500000;9459305522;S
20240124;101256;0.024655000;6540000;9459305549;B
20240124;101256;0.024655000;10000;9459305550;B
20240124;101256;0.024655000;10000;9459305551;B
20240124;101256;0.024655000;1140000;9459305552;B
20240124;101256;0.024650000;200000;9459305564;S
20240124;101259;0.024655000;10000;9459305828;B
20240124;101301;0.024650000;10000;9459306192;S
20240124;101303;0.024655000;80000;9459306346;B
20240124;101303;0.024650000;2000000;9459306369;S
20240124;101304;0.024655000;50000;9459306608;B
20240124;101305;0.024655000;30000;9459306627;B
20240124;101306;0.024655000;70000;9459306850;B
20240124;101307;0.024655000;10000;9459307408;B
20240124;101307;0.024655000;10000;9459307410;B
20240124;101311;0.024655000;10000;9459308256;B
20240124;101312;0.024655000;1000000;9459308372;B
20240124;101312;0.024650000;80000;9459308382;S
20240124;101312;0.024655000;50000;9459308419;B
20240124;101312;0.024655000;500000;9459308457;B
20240124;101312;0.024650000;30000;9459308462;S
20240124;101314;0.024655000;42040000;9459308816;B
20240124;101314;0.024655000;2000000;9459308817;B
20240124;101314;0.024655000;2150000;9459308818;B
20240124;101314;0.024655000;10780000;9459308819;B
20240124;101314;0.024655000;1000000;9459308820;B
20240124;101314;0.024655000;1000000;9459308821;B
20240124;101314;0.024655000;330000;9459308822;B
20240124;101314;0.024655000;3000000;9459308823;B
20240124;101314;0.024655000;10000000;9459308824;B
20240124;101314;0.024660000;10000;9459308825;B
20240124;101314;0.024660000;10000;9459308826;B
20240124;101314;0.024660000;2000000;9459308827;B
20240124;101314;0.024660000;10000000;9459308828;B
20240124;101314;0.024660000;6000000;9459308829;B
20240124;101314;0.024660000;1000000;9459308830;B
20240124;101314;0.024660000;10000;9459308831;B
20240124;101314;0.024660000;220000;9459308832;B
20240124;101314;0.024660000;4000000;9459308833;B
20240124;101314;0.024660000;10000000;9459308834;B
20240124;101314;0.024660000;12160000;9459308835;B
20240124;101314;0.024660000;10000000;9459308836;B
20240124;101314;0.024660000;22290000;9459308837;S
20240124;101314;0.024660000;1000000;9459308839;S
20240124;101316;0.024655000;4000000;9459309049;S
20240124;101316;0.024650000;6630000;9459309050;S
20240124;101316;0.024650000;800000;9459309051;S
20240124;101316;0.024650000;500000;9459309052;S
20240124;101316;0.024650000;1000000;9459309053;S
20240124;101316;0.024650000;40000;9459309054;S
20240124;101316;0.024650000;2310000;9459309055;S
20240124;101318;0.024645000;30000;9459309247;B
20240124;101319;0.024645000;10000;9459309279;B
20240124;101320;0.024645000;10000;9459309438;B
20240124;101321;0.024645000;100000;9459309610;B
20240124;101323;0.024640000;210000;9459309847;S
20240124;101324;0.024640000;10000;9459310085;S
20240124;101324;0.024640000;5850000;9459310115;S
20240124;101325;0.024645000;10000;9459310322;B
20240124;101325;0.024645000;360000;9459310378;B
20240124;101326;0.024640000;120000;9459310466;S
20240124;101327;0.024640000;100000;9459310592;S
20240124;101330;0.024645000;520000;9459310894;B
20240124;101330;0.024645000;10000;9459310935;B
20240124;101333;0.024645000;10000;9459311319;B
20240124;101333;0.024645000;10000;9459311388;B
20240124;101335;0.024645000;40000;9459311675;B
20240124;101337;0.024645000;1890000;9459311832;B
20240124;101337;0.024645000;510000;9459311833;B
20240124;101339;0.024645000;10000;9459312326;B
20240124;101343;0.024640000;10000;9459312815;S
20240124;101344;0.024640000;500000;9459312945;S
20240124;101344;0.024645000;510000;9459313041;B
20240124;101345;0.024640000;200000;9459313074;S
20240124;101346;0.024640000;3330000;9459313387;S
20240124;101346;0.024640000;300000;9459313388;S
20240124;101346;0.024640000;500000;9459313389;S
20240124;101346;0.024640000;1200000;9459313390;S
20240124;101346;0.024640000;1000000;9459313391;S
20240124;101346;0.024635000;11420000;9459313392;S
20240124;101346;0.024635000;500000;9459313393;S
20240124;101346;0.024635000;1300000;9459313394;S
20240124;101346;0.024635000;6000000;9459313395;S
20240124;101346;0.024635000;440000;9459313396;S
20240124;101346;0.024635000;10000;9459313397;S
20240124;101346;0.024635000;4000000;9459313398;S
20240124;101348;0.024635000;1000000;9459313645;S
20240124;101348;0.024640000;30000;9459313678;B
20240124;101348;0.024640000;160000;9459313717;B
20240124;101350;0.024635000;20000;9459314019;S
20240124;101354;0.024635000;200000;9459314763;S
20240124;101355;0.024640000;2000000;9459314801;B
20240124;101355;0.024640000;1600000;9459314807;B
20240124;101355;0.024640000;900000;9459314808;B
20240124;101357;0.024635000;90000;9459315120;S
20240124;101357;0.024635000;10000;9459315168;S
20240124;101400;0.024640000;60000;9459315503;B
20240124;101403;0.024640000;20000;9459315907;B
20240124;101404;0.024640000;10000;9459316098;B
20240124;101407;0.024640000;20000;9459316470;B
20240124;101409;0.024635000;1300000;9459316627;S
20240124;101411;0.024635000;10000;9459316979;S
20240124;101412;0.024640000;30000;9459317150;B
20240124;101412;0.024635000;870000;9459317153;S
20240124;101412;0.024635000;10000000;9459317154;S
20240124;101412;0.024635000;11420000;9459317155;S
20240124;101412;0.024635000;500000;9459317156;S
20240124;101412;0.024635000;1000000;9459317157;S
20240124;101412;0.024635000;4070000;9459317158;S
20240124;101412;0.024630000;6000000;9459317159;S
20240124;101412;0.024630000;11420000;9459317160;S
20240124;101412;0.024630000;100000;9459317161;S
20240124;101412;0.024630000;1000000;9459317162;S
20240124;101412;0.024630000;60000;9459317163;S
20240124;101412;0.024630000;100000;9459317164;S
20240124;101412;0.024630000;1000000;9459317165;S
20240124;101412;0.024630000;10000;9459317166;S
20240124;101412;0.024630000;10000;9459317167;S
20240124;101412;0.024630000;10000;9459317168;S
20240124;101412;0.024630000;910000;9459317169;S
20240124;101413;0.024640000;20000;9459317290;B
20240124;101414;0.024640000;110000;9459317328;B
20240124;101418;0.024640000;50000;9459317849;B
20240124;101418;0.024640000;10000;9459317888;B
20240124;101420;0.024635000;500000;9459318126;S
20240124;101420;0.024630000;4000000;9459318127;S
20240124;101422;0.024635000;500000;9459318448;S
20240124;101422;0.024635000;1000000;9459318449;S
20240124;101422;0.024635000;4070000;9459318450;S
20240124;101423;0.024635000;10000;9459318624;B
20240124;101425;0.024635000;30000;9459318839;B
20240124;101428;0.024630000;230000;9459319276;S
20240124;101435;0.024630000;10000000;9459320100;S
20240124;101435;0.024630000;60000;9459320120;S
20240124;101439;0.024635000;50000;9459320666;B
20240124;101446;0.024635000;10000;9459321835;B
20240124;101447;0.024630000;4800000;9459321891;S
20240124;101447;0.024630000;11420000;9459321892;S
20240124;101447;0.024630000;7500000;9459321893;S
20240124;101447;0.024630000;500000;9459321894;S
20240124;101447;0.024630000;50000;9459321895;S
20240124;101447;0.024625000;1570000;9459321896;S
20240124;101447;0.024625000;60000;9459321897;S
20240124;101447;0.024625000;50000;9459321898;S
20240124;101447;0.024625000;6000000;9459321899;S
20240124;101447;0.024625000;100000;9459321900;S
20240124;101447;0.024625000;1000000;9459321901;S
20240124;101447;0.024625000;150000;9459321902;S
20240124;101447;0.024625000;500000;9459321903;S
20240124;101447;0.024625000;500000;9459321904;S
20240124;101447;0.024625000;800000;9459321905;S
20240124;101447;0.024630000;20000000;9459321906;S
20240124;101447;0.024635000;10000;9459321955;B
20240124;101448;0.024635000;250000;9459322078;B
20240124;101450;0.024630000;850000;9459322288;S
20240124;101450;0.024635000;110000;9459322298;B
20240124;101450;0.024630000;10000;9459322315;S
20240124;101451;0.024635000;70000;9459322430;B
20240124;101452;0.024635000;10000;9459322482;B
20240124;101452;0.024630000;3800000;9459322606;S
20240124;101453;0.024630000;1790000;9459322652;S
20240124;101455;0.024635000;10000;9459322969;B
20240124;101456;0.024635000;2000000;9459323046;B
20240124;101457;0.024630000;5000000;9459323267;S
20240124;101459;0.024635000;10000;9459323480;B
20240124;101459;0.024630000;8550000;9459323521;S
20240124;101459;0.024630000;500000;9459323522;S
20240124;101459;0.024625000;4200000;9459323523;S
20240124;101459;0.024625000;1000000;9459323524;S
20240124;101459;0.024625000;11420000;9459323525;S
20240124;101459;0.024625000;7500000;9459323526;S
20240124;101459;0.024620000;1330000;9459323527;S
20240124;101459;0.024630000;200000;9459323531;S
20240124;101500;0.024635000;100000;9459323552;B
20240124;101501;0.024630000;410000;9459323824;S
20240124;101502;0.024630000;19390000;9459323949;S
20240124;101502;0.024630000;2350000;9459323950;B
20240124;101502;0.024630000;11260000;9459323951;B
20240124;101503;0.024630000;10000;9459324257;S
20240124;101503;0.024630000;6380000;9459324258;S
20240124;101503;0.024630000;10000;9459324438;S
20240124;101504;0.024635000;10000;9459324449;B
20240124;101504;0.024630000;10000;9459324584;S
20240124;101504;0.024630000;10000;9459324609;S
20240124;101505;0.024630000;10000;9459324759;S
20240124;101505;0.024630000;30000;9459324830;S
20240124;101509;0.024635000;40000;9459325832;B
20240124;101512;0.024630000;7000000;9459326702;S
20240124;101513;0.024635000;110000;9459326719;B
20240124;101513;0.024630000;10000;9459326867;S
20240124;101514;0.024630000;840000;9459327092;S
20240124;101517;0.024635000;10000;9459327707;B
20240124;101517;0.024630000;2000000;9459327819;S
20240124;101517;0.024635000;2000000;9459327835;B
20240124;101519;0.024635000;100000;9459328118;B
20240124;101520;0.024635000;90000;9459328242;B
20240124;101520;0.024630000;10080000;9459328243;S
20240124;101520;0.024630000;10000;9459328244;S
20240124;101520;0.024630000;1000000;9459328245;S
20240124;101520;0.024630000;10000;9459328250;S
20240124;101521;0.024630000;10000;9459328460;S
20240124;101521;0.024630000;19980000;9459328461;S
20240124;101521;0.024630000;2340000;9459328462;B
20240124;101521;0.024630000;11200000;9459328463;B
20240124;101521;0.024630000;1000000;9459328464;S
20240124;101521;0.024635000;220000;9459328476;B
20240124;101521;0.024630000;10000;9459328636;S
20240124;101522;0.024635000;11680000;9459328829;B
20240124;101522;0.024635000;3000000;9459328830;B
20240124;101522;0.024635000;640000;9459328831;B
20240124;101522;0.024635000;1000000;9459328832;B
20240124;101522;0.024635000;12200000;9459328833;B
20240124;101522;0.024640000;1000000;9459328834;B
20240124;101522;0.024640000;40000;9459328835;B
20240124;101522;0.024640000;4000000;9459328836;B
20240124;101522;0.024640000;6000000;9459328837;B
20240124;101522;0.024640000;2340000;9459328838;B
20240124;101522;0.024640000;11190000;9459328839;B
20240124;101522;0.024645000;5550000;9459328840;B
20240124;101522;0.024645000;5000000;9459328841;B
20240124;101522;0.024645000;1000000;9459328842;B
20240124;101522;0.024645000;30500000;9459328843;B
20240124;101522;0.024645000;6000000;9459328844;B
20240124;101522;0.024645000;4070000;9459328845;B
20240124;101522;0.024645000;12170000;9459328846;B
20240124;101522;0.024645000;19770000;9459328847;S
20240124;101522;0.024645000;8780000;9459328848;S
20240124;101522;0.024645000;10000;9459328849;S
20240124;101522;0.024645000;4060000;9459328852;S
20240124;101522;0.024650000;80000;9459328854;B
20240124;101522;0.024650000;5000000;9459328855;B
20240124;101522;0.024645000;2000000;9459328876;B
20240124;101523;0.024645000;20000;9459329085;B
20240124;101523;0.024645000;100000;9459329161;B
20240124;101524;0.024635000;10000;9459329232;S
20240124;101525;0.024645000;10000;9459329442;B
20240124;101525;0.024640000;20000;9459329508;S
20240124;101527;0.024640000;50000;9459329911;S
20240124;101527;0.024640000;10000;9459329982;S
20240124;101528;0.024640000;20000;9459330081;S
20240124;101529;0.024640000;10000;9459330242;S
20240124;101530;0.024640000;10000;9459330495;S
20240124;101532;0.024645000;40000;9459330830;B
20240124;101533;0.024640000;380000;9459330940;S
20240124;101533;0.024635000;990000;9459330941;S
20240124;101533;0.024635000;400000;9459330942;S
20240124;101533;0.024630000;5450000;9459330943;S
20240124;101533;0.024630000;6000000;9459330944;S
20240124;101533;0.024630000;1000000;9459330945;S
20240124;101533;0.024630000;3000000;9459330946;S
20240124;101533;0.024630000;2340000;9459330947;S
20240124;101533;0.024625000;7500000;9459330948;S
20240124;101533;0.024625000;1000000;9459330949;S
20240124;101533;0.024625000;6000000;9459330950;S
20240124;101533;0.024625000;640000;9459330951;S
20240124;101533;0.024630000;70000;9459330955;S
20240124;101533;0.024630000;70000;9459331082;S
20240124;101534;0.024635000;50000;9459331339;B
20240124;101534;0.024635000;30000;9459331346;B
20240124;101536;0.024635000;2920000;9459331706;B
20240124;101536;0.024635000;1130000;9459331707;B
20240124;101537;0.024635000;220000;9459331965;B
20240124;101537;0.024635000;90000;9459331988;B
20240124;101537;0.024635000;10000;9459332009;B
20240124;101538;0.024630000;10000;9459332104;S
20240124;101539;0.024635000;20000;9459332221;B
20240124;101539;0.024630000;10000;9459332308;S
20240124;101540;0.024635000;2660000;9459332418;B
20240124;101540;0.024635000;2320000;9459332419;B
20240124;101540;0.024640000;10000000;9459332420;B
20240124;101540;0.024640000;1000000;9459332421;B
20240124;101540;0.024640000;11120000;9459332422;B
20240124;101540;0.024645000;10030000;9459332423;B
20240124;101540;0.024645000;3000000;9459332424;B
20240124;101540;0.024645000;4070000;9459332425;B
20240124;101540;0.024645000;1000000;9459332426;B
20240124;101540;0.024645000;10000000;9459332427;B
20240124;101540;0.024645000;6000000;9459332428;B
20240124;101540;0.024645000;4000000;9459332429;B
20240124;101540;0.024650000;2000000;9459332439;B
20240124;101540;0.024645000;10000;9459332492;S
20240124;101541;0.024645000;10000;9459332588;S
20240124;101541;0.024645000;10000;9459332669;S
20240124;101542;0.024645000;10000;9459332729;S
20240124;101543;0.024645000;10000;9459332864;S
20240124;101543;0.024645000;10000;9459332872;S
20240124;101543;0.024645000;10000;9459332937;S
20240124;101544;0.024650000;40000;9459333040;B
20240124;101544;0.024645000;10000;9459333047;S
20240124;101546;0.024645000;10000;9459333237;S
20240124;101547;0.024645000;20000;9459333394;S
20240124;101547;0.024645000;10000;9459333426;S
20240124;101547;0.024645000;10000;9459333429;S
20240124;101547;0.024645000;10000;9459333435;S
20240124;101547;0.024645000;10000;9459333437;S
20240124;101547;0.024645000;10000;9459333486;S
20240124;101548;0.024645000;10000;9459333544;S
20240124;101548;0.024645000;10000;9459333575;S
20240124;101548;0.024645000;10000;9459333585;S
20240124;101548;0.024645000;10000;9459333654;S
20240124;101549;0.024650000;190000;9459333734;B
20240124;101549;0.024645000;10000;9459333757;S
20240124;101550;0.024645000;10000;9459333836;S
20240124;101550;0.024645000;10000;9459333914;S
20240124;101551;0.024645000;10000;9459333976;S
20240124;101552;0.024645000;10000;9459334059;S
20240124;101552;0.024645000;10000;9459334100;S
20240124;101552;0.024650000;100000;9459334121;B
20240124;101552;0.024650000;20000;9459334152;B
20240124;101552;0.024645000;10000;9459334170;S
20240124;101553;0.024650000;90000;9459334297;B
20240124;101553;0.024650000;10000;9459334325;B
20240124;101554;0.024645000;10000;9459334383;S
20240124;101554;0.024645000;10000;9459334454;S
20240124;101554;0.024645000;10000;9459334463;S
20240124;101554;0.024645000;20000;9459334469;S
20240124;101555;0.024645000;10000;9459334605;S
20240124;101555;0.024645000;10000;9459334613;S
20240124;101556;0.024650000;10000;9459334801;B
20240124;101557;0.024645000;10000;9459335408;S
20240124;101558;0.024645000;10000;9459335680;S
20240124;101559;0.024645000;300000;9459335826;S
20240124;101600;0.024645000;10000;9459335868;S
20240124;101600;0.024645000;10000;9459335967;S
20240124;101600;0.024650000;20000;9459335987;B
20240124;101600;0.024645000;10000;9459336024;S
20240124;101601;0.024645000;10000;9459336079;S
20240124;101603;0.024650000;10000;9459336448;B
20240124;101603;0.024645000;10000;9459336457;S
20240124;101603;0.024650000;20000;9459336539;B
