<DATE>;<TIME>;<LAST>;<VOL>;<ID>;<OPER>
20240122;095932;0.024600000;10000;9449712381;S
20240122;095932;0.024600000;10000;9449712382;S
20240122;095932;0.024600000;10000;9449712383;B
20240122;095932;0.024600000;10000;9449712384;B
20240122;095932;0.024600000;10000;9449712385;B
20240122;095932;0.024600000;80000;9449712386;B
20240122;095932;0.024600000;10000;9449712387;B
20240122;095932;0.024600000;50000;9449712388;B
20240122;095932;0.024600000;20000;9449712389;B
20240122;095932;0.024600000;100000;9449712390;B
20240122;095932;0.024600000;410000;9449712391;B
20240122;095932;0.024600000;870000;9449712392;B
20240122;095932;0.024600000;10000;9449712393;B
20240122;095932;0.024600000;100000;9449712394;B
20240122;095932;0.024600000;50000;9449712395;B
20240122;095932;0.024600000;10000;9449712396;B
20240122;095932;0.024600000;10000;9449712397;B
20240122;095932;0.024600000;10000;9449712398;B
20240122;095932;0.024600000;10000;9449712399;B
20240122;095932;0.024600000;30000;9449712400;B
20240122;095932;0.024600000;10000;9449712401;B
20240122;095932;0.024600000;10000;9449712402;B
20240122;095932;0.024600000;10000;9449712403;B
20240122;095932;0.024600000;10000;9449712404;B
20240122;095932;0.024600000;40000;9449712405;B
20240122;095932;0.024600000;10000;9449712406;B
20240122;095932;0.024600000;30000;9449712407;B
20240122;095932;0.024600000;40000;9449712408;B
20240122;095932;0.024600000;10000;9449712409;B
20240122;095932;0.024600000;220000;9449712410;B
20240122;095932;0.024600000;10000;9449712411;B
20240122;095932;0.024600000;10000;9449712412;B
20240122;095932;0.024600000;10000;9449712413;B
20240122;095932;0.024600000;200000;9449712414;B
20240122;095932;0.024600000;500000;9449712415;B
20240122;095932;0.024600000;40000;9449712416;S
20240122;095932;0.024600000;30000;9449712417;S
20240122;095932;0.024600000;700000;9449712418;B
20240122;095932;0.024600000;2000000;9449712419;B
20240122;095932;0.024600000;40000;9449712420;B
20240122;095932;0.024600000;10000;9449712421;B
20240122;095932;0.024600000;330000;9449712422;S
20240122;095932;0.024600000;40000;9449712423;S
20240122;095932;0.024600000;740000;9449712424;S
20240122;095932;0.024600000;120000;9449712425;S
20240122;095932;0.024600000;30000;9449712426;S
20240122;095932;0.024600000;240000;9449712427;S
20240122;095932;0.024600000;100000;9449712428;S
20240122;095932;0.024600000;960000;9449712429;S
20240122;095932;0.024600000;430000;9449712430;S
20240122;095932;0.024600000;1280000;9449712431;S
20240122;095932;0.024600000;10000;9449712432;S
20240122;095932;0.024600000;30000;9449712433;S
20240122;095932;0.024600000;10000;9449712434;S
20240122;095932;0.024600000;1060000;9449712435;S
20240122;095932;0.024600000;300000;9449712436;B
20240122;095932;0.024600000;30000;9449712437;B
20240122;095932;0.024600000;250000;9449712438;S
20240122;095932;0.024600000;10000;9449712439;B
20240122;095932;0.024600000;50000;9449712440;B
20240122;095932;0.024600000;10000;9449712441;B
20240122;095932;0.024600000;3500000;9449712442;B
20240122;095932;0.024600000;80000;9449712443;B
20240122;095932;0.024600000;200000;9449712444;B
20240122;095932;0.024600000;10000;9449712445;B
20240122;095932;0.024600000;100000;9449712446;B
20240122;095932;0.024600000;560000;9449712447;B
20240122;095932;0.024600000;10000;9449712448;B
20240122;095932;0.024600000;10000;9449712449;B
20240122;095932;0.024600000;60000;9449712450;B
20240122;095932;0.024600000;10000;9449712451;B
20240122;095932;0.024600000;20000;9449712452;B
20240122;095932;0.024600000;10000;9449712453;B
20240122;095932;0.024600000;10000;9449712454;B
20240122;095932;0.024600000;50000;9449712455;B
20240122;095932;0.024600000;10000;9449712456;B
20240122;095932;0.024600000;290000;9449712457;S
20240122;095932;0.024600000;50000;9449712458;B
20240122;095932;0.024600000;10000;9449712459;B
20240122;095932;0.024600000;10000;9449712460;B
20240122;095932;0.024600000;10000;9449712461;B
20240122;095932;0.024600000;10000;9449712462;B
20240122;095932;0.024600000;40000;9449712463;B
20240122;095932;0.024600000;10000;9449712464;B
20240122;095932;0.024600000;40000;9449712465;B
20240122;095932;0.024600000;110000;9449712466;B
20240122;095932;0.024600000;20000;9449712467;B
20240122;095932;0.024600000;10000;9449712468;B
20240122;095932;0.024600000;50000;9449712469;B
20240122;095932;0.024600000;10000;9449712470;B
20240122;095932;0.024600000;10000;9449712471;B
20240122;095932;0.024600000;10000;9449712472;B
20240122;095932;0.024600000;10000;9449712473;B
20240122;095932;0.024600000;10000;9449712474;B
20240122;095932;0.024600000;20000;9449712475;B
20240122;095932;0.024600000;20000;9449712476;B
20240122;095932;0.024600000;40000;9449712477;B
20240122;095932;0.024600000;200000;9449712478;B
20240122;095932;0.024600000;20000;9449712479;B
20240122;095932;0.024600000;10000;9449712480;B
20240122;095932;0.024600000;10000;9449712481;B
20240122;095932;0.024600000;10000;9449712482;B
20240122;095932;0.024600000;10000;9449712483;B
20240122;095932;0.024600000;10000;9449712484;B
20240122;095932;0.024600000;30000;9449712485;B
20240122;095932;0.024600000;40000;9449712486;B
20240122;095932;0.024600000;10000;9449712487;B
20240122;095932;0.024600000;50000;9449712488;B
20240122;095932;0.024600000;10000;9449712489;B
20240122;095932;0.024600000;10000;9449712490;B
20240122;095932;0.024600000;10000;9449712491;B
20240122;095932;0.024600000;10000;9449712492;B
20240122;095932;0.024600000;10000;9449712493;B
20240122;095932;0.024600000;10000;9449712494;B
20240122;095932;0.024600000;10000;9449712495;B
20240122;095932;0.024600000;10000;9449712496;B
20240122;095932;0.024600000;10000;9449712497;B
20240122;095932;0.024600000;10000;9449712498;B
20240122;095932;0.024600000;10000;9449712499;B
20240122;095932;0.024600000;10000;9449712500;B
20240122;095932;0.024600000;10000;9449712501;B
20240122;095932;0.024600000;10000;9449712502;B
20240122;095932;0.024600000;50000;9449712503;B
20240122;095932;0.024600000;20000;9449712504;B
20240122;095932;0.024600000;30000;9449712505;B
20240122;095932;0.024600000;40000;9449712506;B
20240122;095932;0.024600000;110000;9449712507;B
20240122;095932;0.024600000;40000;9449712508;S
20240122;095932;0.024600000;100000;9449712509;S
20240122;095932;0.024600000;10000;9449712510;S
20240122;095932;0.024600000;10000;9449712511;B
20240122;095932;0.024600000;10000;9449712512;B
20240122;095932;0.024600000;20000;9449712513;B
20240122;095932;0.024600000;30000;9449712514;B
20240122;095932;0.024600000;10000;9449712515;B
20240122;095932;0.024600000;50000;9449712516;B
20240122;095932;0.024600000;30000;9449712517;B
20240122;095932;0.024600000;250000;9449712518;B
20240122;095932;0.024600000;3500000;9449712519;B
20240122;095932;0.024600000;10000;9449712520;B
20240122;095932;0.024600000;400000;9449712521;B
20240122;095932;0.024600000;10000;9449712522;B
20240122;095932;0.024600000;50000;9449712523;S
20240122;095932;0.024600000;80000;9449712524;S
20240122;095932;0.024600000;50000;9449712525;B
20240122;095932;0.024600000;1720000;9449712526;S
20240122;095932;0.024600000;10000;9449712527;B
20240122;095932;0.024600000;40000;9449712528;B
20240122;095932;0.024600000;40000;9449712529;B
20240122;095932;0.024600000;2000000;9449712530;S
20240122;095932;0.024600000;340000;9449712531;B
20240122;095932;0.024600000;100000;9449712532;B
20240122;095932;0.024600000;1200000;9449712533;B
20240122;095932;0.024600000;500000;9449712534;B
20240122;095932;0.024600000;1000000;9449712535;B
20240122;095932;0.024600000;1000000;9449712536;B
20240122;095932;0.024600000;1200000;9449712537;B
20240122;095932;0.024600000;1000000;9449712538;B
20240122;095932;0.024600000;10000;9449712539;S
20240122;095932;0.024600000;10000;9449712540;S
20240122;095932;0.024600000;5000000;9449712541;B
20240122;100002;0.024600000;10000;9449725143;B
20240122;100003;0.024595000;10000;9449725666;S
20240122;100003;0.024595000;990000;9449725667;S
20240122;100003;0.024600000;1000000;9449725867;B
20240122;100004;0.024600000;60000;9449726586;B
20240122;100004;0.024595000;10000;9449727407;S
20240122;100004;0.024600000;10000;9449727408;B
20240122;100004;0.024600000;30000;9449727409;B
20240122;100004;0.024600000;20000;9449727416;B
20240122;100004;0.024600000;10000;9449727418;B
20240122;100004;0.024595000;10000;9449727419;S
20240122;100004;0.024600000;10000;9449727420;B
20240122;100004;0.024595000;10000;9449727421;S
20240122;100004;0.024600000;50000;9449727423;B
20240122;100004;0.024600000;10000;9449727424;B
20240122;100004;0.024595000;10000;9449727425;S
20240122;100004;0.024600000;10000;9449727427;B
20240122;100004;0.024595000;10000;9449727436;S
20240122;100004;0.024600000;10000;9449727437;B
20240122;100004;0.024595000;20000;9449727439;S
20240122;100004;0.024600000;10000;9449727440;B
20240122;100004;0.024600000;40000;9449727441;B
20240122;100004;0.024600000;490000;9449727444;B
20240122;100005;0.024595000;10000;9449727919;S
20240122;100005;0.024600000;10000;9449728063;B
20240122;100005;0.024595000;30000;9449728064;S
20240122;100005;0.024595000;10000;9449728065;S
20240122;100005;0.024600000;10000;9449728066;B
20240122;100005;0.024600000;10000;9449728074;B
20240122;100005;0.024595000;20000;9449728078;S
20240122;100005;0.024600000;10000;9449728080;B
20240122;100005;0.024595000;50000;9449728081;S
20240122;100005;0.024600000;20000;9449728082;B
20240122;100005;0.024600000;10000;9449728083;B
20240122;100005;0.024600000;10000;9449728084;B
20240122;100005;0.024595000;10000;9449728552;S
20240122;100005;0.024595000;40000;9449729262;S
20240122;100005;0.024600000;10000;9449729272;B
20240122;100005;0.024600000;10000;9449729276;B
20240122;100005;0.024595000;10000;9449729280;S
20240122;100005;0.024600000;20000;9449729284;B
20240122;100005;0.024600000;30000;9449729292;B
20240122;100005;0.024600000;10000;9449729298;B
20240122;100005;0.024600000;10000;9449729304;B
20240122;100005;0.024595000;20000;9449729308;S
20240122;100005;0.024595000;50000;9449729315;S
20240122;100005;0.024600000;30000;9449729320;B
20240122;100005;0.024600000;10000;9449729327;B
20240122;100005;0.024600000;10000;9449729330;B
20240122;100005;0.024595000;30000;9449729334;S
20240122;100005;0.024600000;10000;9449729338;B
20240122;100005;0.024595000;200000;9449729345;S
20240122;100005;0.024600000;10000;9449729349;B
20240122;100005;0.024595000;20000;9449729356;S
20240122;100005;0.024595000;50000;9449729358;S
20240122;100005;0.024600000;10000;9449729363;B
20240122;100005;0.024595000;20000;9449729366;S
20240122;100005;0.024600000;50000;9449729735;B
20240122;100005;0.024600000;10000;9449729741;B
20240122;100005;0.024600000;30000;9449729744;B
20240122;100005;0.024600000;10000;9449729746;B
20240122;100005;0.024600000;10000;9449729748;B
20240122;100005;0.024595000;50000;9449729751;S
20240122;100005;0.024600000;20000;9449729755;B
20240122;100005;0.024600000;20000;9449729758;B
20240122;100005;0.024595000;30000;9449729761;S
20240122;100005;0.024600000;500000;9449729763;B
20240122;100005;0.024600000;110000;9449729767;B
20240122;100005;0.024600000;40000;9449729768;B
20240122;100005;0.024600000;10000;9449729774;B
20240122;100005;0.024600000;10000;9449729778;B
20240122;100005;0.024595000;10000;9449729781;S
20240122;100006;0.024600000;10000;9449730146;B
20240122;100006;0.024600000;10000;9449730157;B
20240122;100006;0.024595000;50000;9449730158;S
20240122;100006;0.024595000;50000;9449730160;S
20240122;100006;0.024600000;20000;9449730161;B
20240122;100006;0.024595000;20000;9449730162;S
20240122;100006;0.024600000;20000;9449730169;B
20240122;100006;0.024595000;20000;9449730175;S
20240122;100006;0.024600000;20000;9449730176;B
20240122;100006;0.024595000;10000;9449730177;S
20240122;100006;0.024600000;20000;9449730178;B
20240122;100006;0.024595000;120000;9449730180;S
20240122;100006;0.024595000;10000;9449730181;S
20240122;100006;0.024600000;20000;9449730191;B
20240122;100006;0.024600000;10000;9449730193;B
20240122;100006;0.024595000;10000;9449730200;S
20240122;100006;0.024600000;20000;9449730201;B
20240122;100006;0.024600000;40000;9449730208;B
20240122;100006;0.024600000;10000;9449730219;B
20240122;100006;0.024600000;30000;9449730227;B
20240122;100006;0.024600000;20000;9449730228;B
20240122;100006;0.024600000;20000;9449730238;B
20240122;100006;0.024595000;10000;9449730240;S
20240122;100006;0.024595000;20000;9449730243;S
20240122;100006;0.024600000;10000;9449730264;B
20240122;100006;0.024600000;10000;9449730269;B
20240122;100006;0.024600000;30000;9449730272;B
20240122;100006;0.024595000;20000;9449730278;S
20240122;100006;0.024595000;60000;9449730283;S
20240122;100006;0.024600000;10000;9449730285;B
20240122;100006;0.024600000;10000;9449730333;B
20240122;100006;0.024600000;50000;9449730768;B
20240122;100006;0.024595000;40000;9449730788;S
20240122;100006;0.024600000;100000;9449730913;B
20240122;100006;0.024595000;30000;9449730923;S
20240122;100006;0.024600000;40000;9449730943;B
20240122;100006;0.024595000;40000;9449730954;S
20240122;100006;0.024600000;50000;9449730987;B
20240122;100006;0.024600000;20000;9449731008;B
20240122;100006;0.024595000;90000;9449731056;S
20240122;100006;0.024600000;30000;9449731076;B
20240122;100006;0.024600000;100000;9449731161;B
20240122;100006;0.024600000;30000;9449731165;B
20240122;100006;0.024600000;50000;9449731180;B
20240122;100006;0.024600000;10000;9449731277;B
20240122;100006;0.024600000;40000;9449731304;B
20240122;100006;0.024595000;60000;9449731312;S
20240122;100006;0.024595000;20000;9449731318;S
20240122;100006;0.024595000;10000;9449731330;S
20240122;100006;0.024600000;30000;9449731334;B
20240122;100006;0.024600000;10000;9449731344;B
20240122;100006;0.024595000;10000;9449731353;S
20240122;100006;0.024600000;10000;9449731361;B
20240122;100006;0.024600000;100000;9449731373;B
20240122;100006;0.024600000;30000;9449731385;B
20240122;100006;0.024595000;130000;9449731391;S
20240122;100006;0.024600000;50000;9449731403;B
20240122;100006;0.024600000;20000;9449731407;B
20240122;100006;0.024600000;20000;9449731627;B
20240122;100006;0.024595000;10000;9449731630;S
20240122;100006;0.024600000;110000;9449731631;B
20240122;100006;0.024605000;40000;9449731633;B
20240122;100006;0.024605000;20000;9449731634;B
20240122;100006;0.024595000;10000;9449731638;S
20240122;100006;0.024605000;50000;9449731639;B
20240122;100006;0.024595000;60000;9449731640;S
20240122;100006;0.024605000;30000;9449731641;B
20240122;100006;0.024605000;30000;9449731645;B
20240122;100006;0.024605000;50000;9449731647;B
20240122;100006;0.024605000;10000;9449731650;B
20240122;100006;0.024605000;10000;9449731652;B
20240122;100006;0.024595000;30000;9449731653;S
20240122;100006;0.024605000;20000;9449731744;B
20240122;100006;0.024595000;6000000;9449731820;S
20240122;100006;0.024595000;10000;9449731857;S
20240122;100006;0.024605000;10000;9449731861;B
20240122;100006;0.024595000;200000;9449731867;S
20240122;100006;0.024605000;20000;9449731871;B
20240122;100006;0.024605000;10000;9449731875;B
20240122;100006;0.024605000;10000;9449731882;B
20240122;100006;0.024595000;10000;9449731886;S
20240122;100006;0.024605000;10000;9449731889;B
20240122;100006;0.024595000;20000;9449731895;S
20240122;100006;0.024595000;10000;9449731896;S
20240122;100006;0.024595000;50000;9449731898;S
20240122;100006;0.024605000;20000;9449731905;B
20240122;100006;0.024605000;10000;9449731908;B
20240122;100006;0.024605000;30000;9449731916;B
20240122;100006;0.024595000;40000;9449731917;S
20240122;100006;0.024595000;50000;9449731919;S
20240122;100006;0.024595000;50000;9449731923;S
20240122;100006;0.024595000;50000;9449731940;S
20240122;100006;0.024605000;20000;9449731953;B
20240122;100006;0.024605000;10000;9449731963;B
20240122;100006;0.024595000;10000;9449731968;S
20240122;100006;0.024595000;10000;9449732007;S
20240122;100006;0.024605000;10000;9449732009;B
20240122;100006;0.024605000;10000;9449732038;B
20240122;100006;0.024595000;30000;9449732055;S
20240122;100006;0.024595000;50000;9449732083;S
20240122;100006;0.024605000;10000;9449732439;B
20240122;100006;0.024605000;10000;9449732451;B
20240122;100006;0.024605000;10000;9449732455;B
20240122;100006;0.024605000;40000;9449732456;B
20240122;100006;0.024605000;20000;9449732464;B
20240122;100006;0.024595000;80000;9449732465;S
20240122;100006;0.024605000;20000;9449732471;B
20240122;100006;0.024595000;20000;9449732473;S
20240122;100006;0.024605000;50000;9449732484;B
20240122;100006;0.024595000;10000;9449732486;S
20240122;100006;0.024595000;40000;9449732540;S
20240122;100006;0.024595000;30000;9449732543;S
20240122;100006;0.024605000;20000;9449732544;B
20240122;100006;0.024605000;60000;9449732548;B
20240122;100006;0.024595000;10000;9449732553;S
20240122;100006;0.024595000;30000;9449732554;S
20240122;100006;0.024595000;50000;9449732559;S
20240122;100006;0.024605000;10000;9449732561;B
20240122;100006;0.024595000;50000;9449732564;S
20240122;100006;0.024605000;20000;9449732565;B
20240122;100006;0.024605000;10000;9449732566;B
20240122;100006;0.024595000;60000;9449732567;S
20240122;100006;0.024605000;10000;9449732571;B
20240122;100006;0.024595000;30000;9449732574;S
20240122;100006;0.024595000;10000;9449732576;S
20240122;100006;0.024595000;10000;9449732578;S
20240122;100006;0.024595000;40000;9449732579;S
20240122;100006;0.024605000;10000;9449733043;B
20240122;100006;0.024595000;20000;9449733069;S
20240122;100006;0.024595000;10000;9449733088;S
20240122;100007;0.024605000;40000;9449733475;B
20240122;100007;0.024595000;120000;9449733485;S
20240122;100007;0.024595000;20000;9449733489;S
20240122;100007;0.024605000;50000;9449733499;B
20240122;100007;0.024595000;10000;9449733504;S
20240122;100007;0.024605000;20000;9449733512;B
20240122;100007;0.024595000;60000;9449733518;S
20240122;100007;0.024605000;20000;9449733528;B
20240122;100007;0.024595000;10000;9449733532;S
20240122;100007;0.024605000;10000;9449733535;B
20240122;100007;0.024595000;30000;9449733549;S
20240122;100007;0.024605000;50000;9449733727;B
20240122;100007;0.024595000;30000;9449733734;S
20240122;100007;0.024595000;10000;9449733738;S
20240122;100007;0.024605000;50000;9449733739;B
20240122;100007;0.024595000;50000;9449733742;S
20240122;100007;0.024595000;10000;9449733745;S
20240122;100007;0.024605000;10000;9449733746;B
20240122;100007;0.024595000;80000;9449733747;S
20240122;100007;0.024605000;20000;9449733753;B
20240122;100007;0.024605000;10000;9449733758;B
20240122;100007;0.024595000;60000;9449733760;S
20240122;100007;0.024605000;10000;9449733808;B
20240122;100007;0.024595000;40000;9449733810;S
20240122;100007;0.024595000;10000;9449733813;S
20240122;100007;0.024605000;30000;9449733819;B
20240122;100007;0.024595000;20000;9449733820;S
20240122;100007;0.024605000;10000;9449733823;B
20240122;100007;0.024595000;10000;9449733826;S
20240122;100007;0.024605000;10000;9449733828;B
20240122;100007;0.024605000;20000;9449733831;B
20240122;100007;0.024595000;10000;9449733832;S
20240122;100007;0.024605000;10000;9449733833;B
20240122;100007;0.024605000;10000;9449733835;B
20240122;100007;0.024605000;50000;9449733840;B
20240122;100007;0.024605000;10000;9449733843;B
20240122;100007;0.024605000;10000;9449733845;B
20240122;100007;0.024605000;20000;9449733846;B
20240122;100007;0.024595000;40000;9449733850;S
20240122;100007;0.024605000;20000;9449733852;B
20240122;100007;0.024605000;2030000;9449733854;B
20240122;100007;0.024595000;80000;9449733856;S
20240122;100007;0.024595000;100000;9449733857;S
20240122;100007;0.024595000;80000;9449733979;S
20240122;100007;0.024605000;20000;9449733985;B
20240122;100007;0.024595000;10000;9449733987;S
20240122;100007;0.024605000;10000;9449733988;B
20240122;100007;0.024605000;10000;9449733991;B
20240122;100007;0.024595000;10000;9449733992;S
20240122;100007;0.024605000;10000;9449733993;B
20240122;100007;0.024595000;10000;9449733994;S
20240122;100007;0.024605000;10000;9449733997;B
20240122;100007;0.024595000;10000;9449733998;S
20240122;100007;0.024605000;40000;9449734000;B
20240122;100007;0.024595000;10000;9449734002;S
20240122;100007;0.024605000;40000;9449734004;B
20240122;100007;0.024605000;10000;9449734005;B
20240122;100007;0.024595000;10000;9449734007;S
20240122;100007;0.024595000;40000;9449734008;S
20240122;100007;0.024605000;60000;9449734010;B
20240122;100007;0.024605000;100000;9449734085;B
20240122;100007;0.024595000;20000;9449735132;S
20240122;100007;0.024605000;20000;9449735133;B
20240122;100007;0.024605000;10000;9449735134;B
20240122;100007;0.024595000;10000;9449735146;S
20240122;100007;0.024605000;10000;9449735150;B
20240122;100007;0.024605000;40000;9449735151;B
20240122;100007;0.024605000;60000;9449735152;B
20240122;100007;0.024605000;10000;9449735154;B
20240122;100007;0.024595000;10000;9449735155;S
20240122;100007;0.024605000;10000;9449735165;B
20240122;100007;0.024605000;10000;9449735167;B
20240122;100007;0.024605000;20000;9449735170;B
20240122;100007;0.024600000;10000;9449735176;B
20240122;100007;0.024605000;10000;9449735177;B
20240122;100007;0.024595000;40000;9449735178;S
20240122;100007;0.024595000;50000;9449735180;S
20240122;100007;0.024595000;30000;9449735181;S
20240122;100007;0.024595000;2280000;9449735185;S
20240122;100007;0.024605000;50000;9449735191;B
20240122;100008;0.024600000;10000;9449735628;B
20240122;100008;0.024600000;10000;9449735629;B
20240122;100008;0.024595000;40000;9449735688;S
20240122;100008;0.024600000;10000;9449735690;B
20240122;100008;0.024600000;10000;9449735693;B
20240122;100008;0.024600000;10000;9449735695;B
20240122;100008;0.024600000;20000;9449735697;B
20240122;100008;0.024600000;10000;9449735698;B
20240122;100008;0.024590000;10000;9449735703;S
20240122;100008;0.024590000;10000;9449735704;S
20240122;100008;0.024590000;30000;9449735705;S
20240122;100008;0.024600000;20000;9449735707;B
20240122;100008;0.024600000;60000;9449735709;B
20240122;100008;0.024600000;50000;9449735711;B
20240122;100008;0.024600000;200000;9449735905;B
20240122;100008;0.024600000;10000;9449736009;B
20240122;100008;0.024600000;50000;9449736010;B
20240122;100008;0.024590000;20000;9449736011;S
20240122;100008;0.024600000;30000;9449736013;B
20240122;100008;0.024600000;20000;9449736014;B
20240122;100008;0.024600000;50000;9449736019;B
20240122;100008;0.024590000;50000;9449736021;S
20240122;100008;0.024590000;10000;9449736022;S
20240122;100008;0.024600000;20000;9449736023;B
20240122;100008;0.024590000;50000;9449736025;S
20240122;100008;0.024590000;250000;9449736026;S
20240122;100008;0.024590000;10000;9449736027;S
20240122;100008;0.024600000;20000;9449736563;B
20240122;100008;0.024590000;10000;9449736564;S
20240122;100008;0.024590000;10000;9449736565;S
20240122;100008;0.024590000;10000;9449736566;S
20240122;100008;0.024600000;50000;9449736567;B
20240122;100008;0.024590000;20000;9449736569;S
20240122;100009;0.024595000;10000;9449736907;B
20240122;100009;0.024590000;20000;9449737122;S
20240122;100009;0.024590000;10000;9449737294;S
20240122;100009;0.024600000;10000;9449737295;B
20240122;100009;0.024600000;10000;9449737296;B
20240122;100009;0.024600000;50000;9449737297;B
20240122;100009;0.024590000;50000;9449737298;S
20240122;100009;0.024590000;10000;9449737299;S
20240122;100009;0.024590000;10000;9449737300;S
20240122;100009;0.024600000;10000;9449737301;B
20240122;100009;0.024590000;60000;9449737303;S
20240122;100009;0.024600000;50000;9449737304;B
20240122;100009;0.024600000;50000;9449737305;B
20240122;100009;0.024590000;10000;9449737306;S
20240122;100009;0.024600000;20000;9449737307;B
20240122;100009;0.024600000;40000;9449737309;B
20240122;100009;0.024600000;20000;9449737310;B
20240122;100010;0.024600000;20000;9449737837;B
20240122;100010;0.024600000;430000;9449737944;B
20240122;100010;0.024590000;10000;9449738053;S
20240122;100010;0.024600000;40000;9449738076;B
20240122;100010;0.024600000;250000;9449738097;B
20240122;100010;0.024600000;50000;9449738098;B
20240122;100012;0.024600000;10000;9449738752;B
20240122;100012;0.024600000;20000;9449738850;B
20240122;100012;0.024600000;10000;9449738854;B
20240122;100013;0.024600000;4100000;9449739025;B
20240122;100015;0.024605000;3900000;9449739445;B
20240122;100019;0.024600000;10000;9449740391;S
20240122;100019;0.024595000;20000;9449740392;S
20240122;100019;0.024590000;50000;9449740456;S
20240122;100019;0.024605000;50000;9449740491;B
20240122;100025;0.024600000;1000000;9449741910;B
20240122;100025;0.024600000;690000;9449741911;B
20240122;100025;0.024605000;310000;9449741912;B
20240122;100025;0.024600000;1000000;9449742097;B
20240122;100025;0.024605000;1930000;9449742098;B
20240122;100025;0.024605000;100000;9449742099;B
20240122;100025;0.024605000;5840000;9449742100;B
20240122;100026;0.024605000;100000;9449742401;B
20240122;100031;0.024600000;100000;9449743714;B
20240122;100032;0.024595000;20000;9449743931;S
20240122;100032;0.024600000;410000;9449743944;B
20240122;100033;0.024595000;60000;9449744173;S
20240122;100033;0.024590000;350000;9449744174;S
20240122;100036;0.024600000;20000;9449744943;B
20240122;100037;0.024600000;10000;9449745180;B
20240122;100037;0.024600000;100000;9449745198;B
20240122;100037;0.024600000;360000;9449745370;B
20240122;100037;0.024600000;680000;9449745371;B
20240122;100038;0.024605000;10000;9449745513;B
20240122;100038;0.024605000;800000;9449745647;B
20240122;100039;0.024600000;11000000;9449745833;S
20240122;100039;0.024600000;1740000;9449745834;S
20240122;100039;0.024605000;140000;9449745917;B
20240122;100039;0.024590000;10380000;9449746009;S
20240122;100039;0.024590000;10000;9449746010;S
20240122;100039;0.024590000;800000;9449746011;S
20240122;100039;0.024590000;10000;9449746012;S
20240122;100039;0.024590000;1000000;9449746013;S
20240122;100039;0.024585000;10000;9449746014;S
20240122;100039;0.024585000;1000000;9449746015;S
20240122;100039;0.024585000;1790000;9449746016;S
20240122;100042;0.024590000;10000;9449746858;S
20240122;100042;0.024585000;10000;9449746859;S
20240122;100045;0.024605000;60000;9449747332;B
20240122;100045;0.024605000;590000;9449747333;B
20240122;100045;0.024600000;170000;9449747520;B
20240122;100045;0.024585000;2200000;9449747656;S
20240122;100046;0.024585000;40000;9449747892;S
20240122;100047;0.024600000;270000;9449748010;B
20240122;100047;0.024600000;130000;9449748027;B
20240122;100047;0.024600000;140000;9449748051;B
20240122;100047;0.024600000;10000;9449748073;B
20240122;100048;0.024600000;130000;9449748201;B
20240122;100048;0.024600000;150000;9449748221;B
20240122;100048;0.024605000;240000;9449748516;B
20240122;100049;0.024600000;100000;9449748787;S
20240122;100049;0.024600000;10000;9449748833;S
20240122;100050;0.024600000;10000;9449749078;S
20240122;100050;0.024600000;410000;9449749079;B
20240122;100051;0.024590000;1000000;9449749264;S
20240122;100051;0.024585000;500000;9449749265;S
20240122;100051;0.024590000;1000000;9449749415;S
20240122;100051;0.024585000;6890000;9449749416;S
20240122;100051;0.024585000;1000000;9449749417;S
20240122;100051;0.024585000;1110000;9449749418;S
20240122;100053;0.024585000;10000;9449749845;S
20240122;100055;0.024590000;50000;9449750169;B
20240122;100055;0.024585000;10000;9449750292;S
20240122;100055;0.024580000;10000;9449750293;S
20240122;100055;0.024580000;850000;9449750294;S
20240122;100056;0.024580000;10580000;9449750413;S
20240122;100056;0.024575000;10000;9449750414;S
20240122;100056;0.024575000;10000;9449750415;S
20240122;100056;0.024575000;1000000;9449750416;S
20240122;100056;0.024575000;4650000;9449750417;S
20240122;100057;0.024585000;400000;9449750768;S
20240122;100058;0.024590000;950000;9449750824;B
20240122;100058;0.024590000;750000;9449750825;B
20240122;100058;0.024595000;2000000;9449750826;B
20240122;100058;0.024595000;1000000;9449750827;B
20240122;100058;0.024595000;4300000;9449750828;B
20240122;100058;0.024590000;20000;9449750830;B
20240122;100058;0.024590000;810000;9449750904;B
20240122;100100;0.024590000;10000;9449751517;B
20240122;100100;0.024590000;80000;9449751693;B
20240122;100101;0.024585000;950000;9449751900;S
20240122;100101;0.024575000;4050000;9449751901;S
20240122;100101;0.024575000;220000;9449751924;S
20240122;100102;0.024590000;50000;9449751967;B
20240122;100102;0.024590000;20000;9449752009;B
20240122;100103;0.024590000;10000;9449752117;B
20240122;100103;0.024595000;1700000;9449752118;B
20240122;100103;0.024595000;12220000;9449752119;B
20240122;100103;0.024595000;4080000;9449752120;B
20240122;100103;0.024595000;1000000;9449752121;B
20240122;100103;0.024595000;990000;9449752122;B
20240122;100104;0.024590000;10000;9449752377;B
20240122;100105;0.024590000;10000;9449752562;B
20240122;100107;0.024595000;1000000;9449753015;B
20240122;100107;0.024600000;590000;9449753016;B
20240122;100107;0.024600000;10000;9449753017;B
20240122;100107;0.024600000;70120000;9449753018;B
20240122;100107;0.024600000;6000000;9449753019;B
20240122;100107;0.024605000;10000;9449753137;B
20240122;100108;0.024600000;5000000;9449753211;S
20240122;100108;0.024600000;500000;9449753290;S
20240122;100110;0.024605000;160000;9449753642;B
20240122;100110;0.024605000;1100000;9449753643;B
20240122;100110;0.024605000;1740000;9449753644;B
20240122;100110;0.024600000;10000;9449753712;S
20240122;100111;0.024605000;10000;9449753760;B
20240122;100111;0.024600000;20000;9449753840;S
20240122;100113;0.024600000;20000;9449754029;S
20240122;100113;0.024600000;1000000;9449754156;S
20240122;100114;0.024605000;100000;9449754222;B
20240122;100117;0.024605000;90000;9449754853;B
20240122;100117;0.024605000;1000000;9449754862;B
20240122;100118;0.024605000;230000;9449754933;B
20240122;100118;0.024610000;400000;9449754934;B
20240122;100118;0.024610000;10000;9449754957;B
20240122;100119;0.024605000;10000;9449755170;S
20240122;100119;0.024600000;10000;9449755171;S
20240122;100122;0.024605000;2640000;9449755588;B
20240122;100122;0.024610000;3360000;9449755589;B
20240122;100122;0.024600000;80000;9449755617;S
20240122;100123;0.024610000;6230000;9449755835;B
20240122;100123;0.024610000;40000;9449755836;B
20240122;100123;0.024610000;100000;9449755837;B
20240122;100123;0.024610000;3630000;9449755838;B
20240122;100126;0.024605000;1350000;9449756325;S
20240122;100127;0.024610000;1920000;9449756703;B
20240122;100127;0.024610000;10000;9449756704;B
20240122;100127;0.024610000;250000;9449756705;B
20240122;100130;0.024610000;2000000;9449757191;S
20240122;100130;0.024615000;110000;9449757197;B
20240122;100130;0.024615000;60000;9449757198;B
20240122;100131;0.024610000;220000;9449757361;S
20240122;100131;0.024615000;50000;9449757375;B
20240122;100131;0.024615000;10000;9449757388;B
20240122;100131;0.024615000;250000;9449757448;B
20240122;100132;0.024610000;10000;9449757493;S
20240122;100134;0.024610000;40000;9449757826;S
20240122;100136;0.024610000;550000;9449758137;S
20240122;100136;0.024610000;10000;9449758138;S
20240122;100136;0.024610000;10000;9449758139;S
20240122;100136;0.024610000;10000;9449758140;S
20240122;100136;0.024610000;10000;9449758141;S
20240122;100136;0.024610000;1000000;9449758142;S
20240122;100136;0.024605000;3650000;9449758143;S
20240122;100136;0.024605000;1000000;9449758144;S
20240122;100136;0.024605000;12220000;9449758145;S
20240122;100136;0.024605000;1540000;9449758146;S
20240122;100137;0.024615000;4000000;9449758322;B
20240122;100138;0.024605000;2540000;9449758541;S
20240122;100138;0.024605000;1000000;9449758542;S
20240122;100139;0.024605000;5000000;9449758570;B
20240122;100139;0.024605000;10000;9449758589;B
20240122;100139;0.024605000;10000;9449758624;B
20240122;100140;0.024600000;15640000;9449758858;S
20240122;100140;0.024600000;1000000;9449758859;S
20240122;100140;0.024600000;6000000;9449758860;S
20240122;100140;0.024595000;1000000;9449758861;S
20240122;100140;0.024595000;6000000;9449758862;S
20240122;100140;0.024595000;12220000;9449758863;S
20240122;100140;0.024595000;4080000;9449758864;S
20240122;100140;0.024590000;1000000;9449758865;S
20240122;100140;0.024590000;6000000;9449758866;S
20240122;100140;0.024590000;10000000;9449758867;S
20240122;100140;0.024590000;11430000;9449758868;S
20240122;100140;0.024590000;36740000;9449758869;S
20240122;100140;0.024590000;990000;9449758900;S
20240122;100140;0.024600000;20000;9449758903;B
20240122;100142;0.024605000;20000;9449759451;B
20240122;100142;0.024595000;360000;9449759462;S
20240122;100144;0.024595000;1000000;9449759654;S
20240122;100144;0.024595000;1550000;9449759711;S
20240122;100145;0.024595000;430000;9449759776;S
20240122;100145;0.024595000;2490000;9449759813;S
20240122;100145;0.024590000;1000000;9449759814;S
20240122;100145;0.024590000;10000;9449759815;S
20240122;100145;0.024585000;360000;9449759816;S
20240122;100145;0.024585000;1000000;9449759817;S
20240122;100145;0.024585000;11430000;9449759818;S
20240122;100145;0.024585000;440000;9449759819;S
20240122;100145;0.024585000;10000;9449759820;S
20240122;100145;0.024585000;4260000;9449759821;S
20240122;100145;0.024600000;20000;9449759947;B
20240122;100147;0.024590000;50000;9449760302;S
20240122;100147;0.024585000;800000;9449760303;S
20240122;100148;0.024600000;20000;9449760545;B
20240122;100149;0.024600000;880000;9449760677;B
20240122;100149;0.024600000;80000;9449760839;B
20240122;100149;0.024605000;1420000;9449760840;B
20240122;100149;0.024605000;6000000;9449760841;B
20240122;100149;0.024605000;1000000;9449760842;B
20240122;100149;0.024605000;10720000;9449760843;B
20240122;100149;0.024610000;1000000;9449760844;B
20240122;100149;0.024610000;1780000;9449760845;B
20240122;100150;0.024590000;1000000;9449760937;S
20240122;100150;0.024590000;16270000;9449760938;S
20240122;100150;0.024590000;6000000;9449760939;S
20240122;100150;0.024590000;6730000;9449760940;S
20240122;100151;0.024605000;10000;9449761131;S
20240122;100151;0.024590000;1840000;9449761132;S
20240122;100152;0.024600000;330000;9449761324;S
20240122;100153;0.024600000;130000;9449761406;S
20240122;100153;0.024595000;1840000;9449761407;S
20240122;100153;0.024595000;30000;9449761408;S
20240122;100154;0.024595000;10000;9449761586;S
20240122;100155;0.024595000;100000;9449761732;S
20240122;100156;0.024610000;50000;9449761964;B
20240122;100156;0.024600000;210000;9449761970;S
20240122;100157;0.024600000;30000;9449762080;S
20240122;100157;0.024590000;10380000;9449762081;S
20240122;100157;0.024590000;1000000;9449762082;S
20240122;100157;0.024585000;4940000;9449762083;S
20240122;100157;0.024585000;4010000;9449762084;S
20240122;100157;0.024590000;20000;9449762094;S
20240122;100157;0.024590000;30000;9449762150;S
20240122;100201;0.024595000;1000000;9449763128;S
20240122;100201;0.024595000;4000000;9449763129;S
20240122;100201;0.024590000;70000;9449763136;S
20240122;100202;0.024595000;1000000;9449763185;S
20240122;100202;0.024595000;2970000;9449763186;S
20240122;100202;0.024595000;30000;9449763217;S
20240122;100203;0.024605000;10000;9449763483;B
20240122;100204;0.024605000;20000;9449763534;B
20240122;100204;0.024600000;70000;9449763547;S
20240122;100204;0.024600000;50000;9449763548;S
20240122;100204;0.024595000;20000;9449763677;S
20240122;100204;0.024595000;2480000;9449763678;S
20240122;100205;0.024600000;10000;9449763791;S
20240122;100208;0.024605000;20000;9449764264;B
20240122;100209;0.024605000;10000;9449764503;B
20240122;100209;0.024600000;10000;9449764525;S
20240122;100209;0.024600000;170000;9449764526;S
20240122;100209;0.024600000;2820000;9449764527;S
20240122;100209;0.024595000;250000;9449764576;S
20240122;100210;0.024605000;30000;9449764804;B
20240122;100213;0.024595000;50000;9449765363;S
20240122;100214;0.024605000;1000000;9449765525;B
20240122;100215;0.024605000;10000;9449765646;B
20240122;100216;0.024605000;40000;9449765748;B
20240122;100216;0.024595000;30000;9449765754;S
20240122;100216;0.024605000;20000;9449765934;B
20240122;100217;0.024605000;10000;9449766024;B
20240122;100217;0.024595000;670000;9449766066;S
20240122;100217;0.024595000;4000000;9449766067;S
20240122;100217;0.024590000;100000;9449766068;S
20240122;100217;0.024590000;1000000;9449766069;S
20240122;100217;0.024590000;230000;9449766070;S
20240122;100218;0.024585000;10000;9449766169;S
20240122;100218;0.024600000;60000;9449766183;B
20240122;100218;0.024585000;990000;9449766194;S
20240122;100218;0.024585000;6000000;9449766195;S
20240122;100218;0.024585000;170000;9449766196;S
20240122;100218;0.024585000;40000000;9449766197;S
20240122;100218;0.024585000;20000;9449766198;S
20240122;100218;0.024585000;40000000;9449766199;S
20240122;100218;0.024580000;1000000;9449766200;S
20240122;100218;0.024580000;11430000;9449766201;S
20240122;100218;0.024580000;6000000;9449766202;S
20240122;100218;0.024580000;10000;9449766203;S
20240122;100218;0.024580000;10000;9449766204;S
20240122;100218;0.024580000;10000;9449766205;S
20240122;100218;0.024580000;10000;9449766206;S
20240122;100218;0.024580000;10000;9449766207;S
20240122;100218;0.024580000;10000;9449766208;S
20240122;100218;0.024580000;10000;9449766209;S
20240122;100218;0.024580000;170000;9449766210;S
20240122;100218;0.024575000;2510000;9449766211;S
20240122;100218;0.024575000;10000000;9449766212;S
20240122;100218;0.024575000;750000;9449766213;S
20240122;100218;0.024575000;1000000;9449766214;S
20240122;100218;0.024575000;6000000;9449766215;S
20240122;100218;0.024575000;170000;9449766216;S
20240122;100218;0.024575000;4660000;9449766217;S
20240122;100218;0.024570000;10000;9449766218;S
20240122;100218;0.024570000;1000000;9449766219;S
20240122;100218;0.024570000;11430000;9449766220;S
20240122;100218;0.024570000;3700000;9449766221;S
20240122;100218;0.024590000;500000;9449766238;B
20240122;100218;0.024575000;550000;9449766278;S
20240122;100218;0.024570000;10000;9449766279;S
20240122;100218;0.024570000;170000;9449766280;S
20240122;100218;0.024570000;3340000;9449766281;S
20240122;100218;0.024570000;10000;9449766403;S
20240122;100219;0.024585000;90000;9449766501;B
20240122;100219;0.024585000;60000;9449766576;B
20240122;100221;0.024570000;200000;9449766871;S
20240122;100221;0.024585000;30000;9449766943;B
20240122;100222;0.024585000;10000;9449767033;B
20240122;100223;0.024575000;4000000;9449767374;S
20240122;100223;0.024585000;10000;9449767425;B
20240122;100224;0.024575000;160000;9449767511;S
20240122;100226;0.024585000;20000;9449767755;B
20240122;100226;0.024585000;20000;9449767839;B
20240122;100226;0.024585000;10000;9449767860;B
20240122;100228;0.024585000;10000;9449768214;B
20240122;100230;0.024585000;50000;9449768450;B
20240122;100230;0.024585000;300000;9449768499;B
20240122;100234;0.024585000;50000;9449769114;B
20240122;100234;0.024585000;340000;9449769254;B
20240122;100234;0.024585000;10000;9449769255;B
20240122;100234;0.024585000;150000;9449769256;B
20240122;100234;0.024585000;1000000;9449769257;B
20240122;100235;0.024585000;10000;9449769758;B
20240122;100235;0.024585000;100000;9449769781;B
20240122;100235;0.024585000;60000;9449770073;B
20240122;100235;0.024585000;830000;9449770118;B
20240122;100235;0.024590000;500000;9449770119;B
20240122;100235;0.024590000;6000000;9449770120;B
20240122;100235;0.024590000;2590000;9449770121;B
20240122;100236;0.024580000;100000;9449770480;S
20240122;100237;0.024580000;120000;9449770575;S
20240122;100237;0.024580000;20000;9449770752;S
20240122;100239;0.024590000;10000;9449771033;B
20240122;100239;0.024590000;10000;9449771041;B
20240122;100239;0.024580000;10000;9449771049;S
20240122;100240;0.024590000;1000000;9449771353;B
20240122;100240;0.024590000;10000;9449771354;B
20240122;100240;0.024595000;6000000;9449771355;B
20240122;100240;0.024595000;1000000;9449771356;B
20240122;100240;0.024595000;50000;9449771357;B
20240122;100240;0.024600000;940000;9449771358;B
20240122;100240;0.024600000;6000000;9449771359;B
20240122;100240;0.024600000;250000;9449771360;B
20240122;100240;0.024600000;2910000;9449771361;B
20240122;100240;0.024600000;1840000;9449771362;B
20240122;100241;0.024600000;10000;9449771584;B
20240122;100242;0.024590000;350000;9449771654;S
20240122;100242;0.024600000;40000;9449771663;B
20240122;100243;0.024600000;20000;9449772018;B
20240122;100244;0.024600000;20000;9449772362;B
20240122;100244;0.024600000;110000;9449772418;B
20240122;100245;0.024600000;10000;9449772520;B
20240122;100245;0.024585000;30000;9449772542;S
20240122;100245;0.024585000;30000;9449772543;S
20240122;100247;0.024590000;20000;9449772900;B
20240122;100247;0.024590000;16240000;9449773114;B
20240122;100247;0.024595000;10000;9449773115;B
20240122;100247;0.024595000;1000000;9449773116;B
20240122;100247;0.024600000;790000;9449773117;B
20240122;100247;0.024600000;1910000;9449773118;B
20240122;100247;0.024600000;6000000;9449773119;B
20240122;100247;0.024605000;1000000;9449773120;B
20240122;100247;0.024605000;5560000;9449773121;B
20240122;100247;0.024605000;4440000;9449773122;B
20240122;100247;0.024605000;3050000;9449773123;B
20240122;100250;0.024585000;970000;9449773602;S
20240122;100250;0.024585000;7270000;9449773603;S
20240122;100251;0.024590000;30000;9449773830;B
20240122;100252;0.024580000;200000;9449773994;S
20240122;100253;0.024590000;50000;9449774148;B
20240122;100253;0.024590000;50000;9449774269;B
20240122;100254;0.024590000;10000;9449774333;B
20240122;100255;0.024580000;10000;9449774601;S
20240122;100256;0.024590000;10000;9449774702;B
20240122;100257;0.024590000;20000;9449774884;B
20240122;100257;0.024580000;10000;9449774917;S
20240122;100258;0.024580000;350000;9449774970;S
20240122;100258;0.024590000;300000;9449775122;B
20240122;100300;0.024590000;100000;9449775435;B
20240122;100301;0.024580000;1000000;9449775508;S
20240122;100303;0.024590000;20000;9449775889;B
20240122;100303;0.024580000;30000;9449775911;S
20240122;100303;0.024590000;90000;9449775955;B
20240122;100304;0.024590000;10000;9449776135;B
20240122;100305;0.024590000;10000;9449776484;B
20240122;100306;0.024590000;10000;9449776547;B
20240122;100307;0.024580000;620000;9449776708;S
20240122;100308;0.024590000;10000;9449776859;B
20240122;100309;0.024590000;19280000;9449776990;B
20240122;100309;0.024590000;1000000;9449776991;B
20240122;100309;0.024590000;4470000;9449776992;B
20240122;100309;0.024595000;1000000;9449776993;B
20240122;100309;0.024595000;3670000;9449776994;B
20240122;100309;0.024595000;12220000;9449776995;B
20240122;100309;0.024600000;1000000;9449776996;B
20240122;100309;0.024600000;16260000;9449776997;B
20240122;100309;0.024600000;10000;9449776998;B
20240122;100309;0.024600000;6000000;9449776999;B
20240122;100309;0.024600000;20000;9449777000;B
20240122;100309;0.024600000;3000000;9449777001;B
20240122;100309;0.024600000;200000;9449777002;B
20240122;100309;0.024600000;5000000;9449777003;B
20240122;100315;0.024605000;10000;9449778100;B
20240122;100315;0.024600000;70000;9449778119;S
20240122;100315;0.024605000;300000;9449778122;B
20240122;100315;0.024605000;50000;9449778151;B
20240122;100315;0.024605000;40000;9449778222;B
20240122;100315;0.024605000;10000;9449778236;B
20240122;100316;0.024605000;1960000;9449778270;B
20240122;100316;0.024605000;90000;9449778299;B
20240122;100316;0.024605000;10000;9449778365;B
20240122;100316;0.024600000;150000;9449778430;S
20240122;100316;0.024600000;10000;9449778432;S
20240122;100317;0.024605000;10000;9449778462;B
20240122;100317;0.024605000;200000;9449778568;B
20240122;100317;0.024605000;20000;9449778619;B
20240122;100318;0.024600000;1000000;9449778725;S
20240122;100318;0.024600000;150000;9449778816;S
20240122;100319;0.024605000;20000;9449778889;B
20240122;100321;0.024600000;150000;9449779117;S
20240122;100322;0.024605000;2000000;9449779278;B
20240122;100324;0.024605000;90000;9449779569;B
20240122;100324;0.024605000;30000;9449779573;B
20240122;100324;0.024600000;4000000;9449779648;S
20240122;100324;0.024605000;60000;9449779675;B
20240122;100325;0.024605000;230000;9449779694;B
20240122;100326;0.024600000;70000;9449779813;S
20240122;100326;0.024605000;10000;9449779874;B
20240122;100327;0.024605000;810000;9449779993;B
20240122;100327;0.024600000;10000;9449780067;S
20240122;100328;0.024600000;30000;9449780244;S
20240122;100328;0.024605000;70000;9449780284;B
20240122;100330;0.024600000;200000;9449780608;S
20240122;100332;0.024605000;170000;9449780896;B
20240122;100332;0.024605000;10000;9449780979;B
20240122;100333;0.024605000;10000;9449781197;B
20240122;100333;0.024605000;10000;9449781213;B
20240122;100334;0.024605000;10000000;9449781433;B
20240122;100338;0.024600000;10000;9449782100;S
20240122;100339;0.024600000;100000;9449782632;S
20240122;100340;0.024605000;10000;9449782753;B
20240122;100340;0.024605000;20000;9449782754;B
20240122;100342;0.024600000;4860000;9449783141;S
20240122;100343;0.024605000;80000;9449783281;B
20240122;100343;0.024605000;400000;9449783282;B
20240122;100343;0.024605000;20000;9449783283;B
20240122;100343;0.024610000;710000;9449783284;B
20240122;100344;0.024605000;50000;9449783545;B
20240122;100345;0.024605000;10000;9449783665;B
20240122;100348;0.024605000;10000;9449784215;B
20240122;100349;0.024605000;20000;9449784310;B
20240122;100350;0.024605000;10000;9449784478;B
20240122;100356;0.024605000;100000;9449785644;B
20240122;100358;0.024605000;600000;9449786130;B
20240122;100358;0.024605000;540000;9449786131;B
20240122;100358;0.024605000;240000;9449786189;B
20240122;100359;0.024605000;970000;9449786381;B
20240122;100359;0.024600000;1700000;9449786465;S
20240122;100400;0.024600000;40000;9449786682;S
20240122;100400;0.024605000;10000;9449786727;B
20240122;100401;0.024605000;20000;9449786896;B
20240122;100401;0.024600000;4000000;9449786970;S
20240122;100403;0.024600000;20000;9449787423;S
20240122;100404;0.024605000;50000;9449787575;B
20240122;100405;0.024600000;10300000;9449787802;S
20240122;100405;0.024600000;100000;9449787803;S
20240122;100405;0.024600000;200000;9449787804;S
20240122;100405;0.024600000;1090000;9449787805;S
20240122;100405;0.024600000;20000;9449787806;S
20240122;100405;0.024600000;20000;9449787807;S
20240122;100405;0.024600000;3600000;9449787808;S
20240122;100405;0.024600000;2000000;9449787809;S
20240122;100405;0.024600000;30000;9449787810;S
20240122;100405;0.024600000;1000000;9449787811;S
20240122;100407;0.024595000;270000;9449788292;S
20240122;100408;0.024600000;460000;9449788581;B
20240122;100409;0.024600000;30000;9449788757;B
20240122;100410;0.024595000;40000;9449788941;S
20240122;100411;0.024595000;40000;9449789238;S
20240122;100412;0.024600000;100000;9449789552;B
20240122;100413;0.024600000;2000000;9449789801;B
20240122;100414;0.024600000;500000;9449789924;B
20240122;100414;0.024600000;630000;9449790030;B
20240122;100416;0.024600000;10000;9449790448;B
20240122;100416;0.024595000;20000;9449790450;S
20240122;100420;0.024600000;20000;9449791021;B
20240122;100421;0.024600000;10000;9449791402;B
20240122;100422;0.024600000;610000;9449791444;B
20240122;100423;0.024600000;1000000;9449791551;B
20240122;100424;0.024600000;10000;9449791903;B
20240122;100424;0.024600000;10000;9449791927;B
20240122;100425;0.024600000;240000;9449792002;B
20240122;100428;0.024600000;210000;9449792528;B
20240122;100429;0.024595000;120000;9449792749;S
20240122;100429;0.024600000;10000;9449792775;B
20240122;100432;0.024595000;170000;9449793199;S
20240122;100432;0.024595000;90000;9449793290;S
20240122;100432;0.024595000;80000;9449793291;S
20240122;100433;0.024595000;20000;9449793455;S
20240122;100436;0.024595000;40000;9449794051;S
20240122;100436;0.024600000;250000;9449794058;B
20240122;100437;0.024600000;190000;9449794317;B
20240122;100438;0.024600000;2000000;9449794430;B
20240122;100439;0.024595000;1500000;9449794711;S
20240122;100439;0.024595000;10000;9449794712;S
20240122;100439;0.024595000;100000;9449794805;B
20240122;100439;0.024595000;10000;9449794845;B
20240122;100441;0.024595000;10000;9449795164;B
20240122;100442;0.024595000;100000;9449795490;B
20240122;100443;0.024590000;10000;9449795619;S
20240122;100443;0.024585000;30000;9449795620;S
20240122;100443;0.024590000;10000;9449795634;B
20240122;100443;0.024585000;10000;9449795688;S
20240122;100443;0.024580000;290000;9449795689;S
20240122;100444;0.024585000;160000;9449795982;B
20240122;100445;0.024580000;50000;9449796103;S
20240122;100446;0.024580000;2190000;9449796398;S
20240122;100446;0.024580000;10000;9449796399;S
20240122;100446;0.024580000;10000;9449796400;S
20240122;100446;0.024580000;10000;9449796401;S
20240122;100446;0.024580000;200000;9449796402;S
20240122;100446;0.024580000;350000;9449796403;S
20240122;100446;0.024575000;1000000;9449796404;S
20240122;100446;0.024575000;10000;9449796405;S
20240122;100446;0.024575000;30000;9449796406;S
20240122;100446;0.024575000;6000000;9449796407;S
20240122;100446;0.024575000;11430000;9449796408;S
20240122;100446;0.024575000;210000;9449796409;S
20240122;100446;0.024575000;10000;9449796410;S
20240122;100446;0.024575000;10000;9449796411;S
20240122;100446;0.024575000;10000;9449796412;S
20240122;100446;0.024575000;10000;9449796413;S
20240122;100446;0.024575000;10000;9449796414;S
20240122;100446;0.024575000;10000;9449796415;S
20240122;100446;0.024575000;890000;9449796416;S
20240122;100446;0.024570000;7880000;9449796417;S
20240122;100446;0.024570000;1000000;9449796418;S
20240122;100446;0.024570000;6000000;9449796419;S
20240122;100446;0.024570000;10000;9449796420;S
20240122;100446;0.024570000;4800000;9449796421;S
20240122;100446;0.024570000;500000;9449796422;S
20240122;100446;0.024570000;10000;9449796423;S
20240122;100446;0.024570000;10000;9449796424;S
20240122;100446;0.024570000;30000;9449796425;S
20240122;100446;0.024565000;10000;9449796426;S
20240122;100446;0.024565000;11430000;9449796427;S
20240122;100446;0.024565000;6000000;9449796428;S
20240122;100446;0.024565000;1000000;9449796429;S
20240122;100446;0.024565000;16260000;9449796430;S
20240122;100446;0.024560000;10000;9449796431;S
20240122;100446;0.024560000;410000;9449796432;S
20240122;100446;0.024560000;100000;9449796433;S
20240122;100446;0.024560000;10000;9449796434;S
20240122;100446;0.024560000;11430000;9449796435;S
20240122;100446;0.024560000;6000000;9449796436;S
20240122;100446;0.024560000;10000;9449796437;S
20240122;100446;0.024560000;1000000;9449796438;S
20240122;100446;0.024560000;18000000;9449796439;S
20240122;100446;0.024560000;200000;9449796440;S
20240122;100446;0.024555000;60000;9449796441;S
20240122;100446;0.024555000;1000000;9449796442;S
20240122;100446;0.024555000;42400000;9449796443;S
20240122;100446;0.024570000;10000;9449796478;B
20240122;100448;0.024560000;1000000;9449796753;S
20240122;100448;0.024560000;1000000;9449796754;S
20240122;100449;0.024570000;990000;9449796864;B
20240122;100449;0.024570000;950000;9449796865;B
20240122;100449;0.024570000;2860000;9449796866;B
20240122;100450;0.024560000;2000000;9449796947;S
20240122;100450;0.024570000;50000;9449797043;B
20240122;100452;0.024570000;10000;9449797393;B
20240122;100453;0.024570000;300000;9449797492;B
20240122;100454;0.024560000;30000;9449797744;S
20240122;100455;0.024570000;500000;9449797851;B
20240122;100458;0.024575000;100000;9449798575;B
20240122;100459;0.024575000;10000;9449798754;B
20240122;100459;0.024575000;10000;9449798814;B
20240122;100459;0.024575000;10000;9449798821;B
20240122;100500;0.024575000;20000;9449799113;B
20240122;100502;0.024565000;2380000;9449799421;S
20240122;100502;0.024565000;1000000;9449799422;S
20240122;100502;0.024565000;2990000;9449799423;S
20240122;100502;0.024565000;12220000;9449799424;S
20240122;100502;0.024565000;1030000;9449799425;S
20240122;100502;0.024560000;16270000;9449799426;S
20240122;100502;0.024560000;1000000;9449799427;S
20240122;100502;0.024560000;6000000;9449799428;S
20240122;100502;0.024555000;7600000;9449799429;S
20240122;100502;0.024555000;10000;9449799430;S
20240122;100502;0.024555000;10000;9449799431;S
20240122;100502;0.024555000;11430000;9449799432;S
20240122;100502;0.024555000;6000000;9449799433;S
20240122;100502;0.024555000;50000;9449799434;S
20240122;100502;0.024555000;20000;9449799435;S
20240122;100502;0.024555000;740000;9449799436;S
20240122;100503;0.024560000;1000000;9449799643;S
20240122;100503;0.024575000;850000;9449799777;B
20240122;100503;0.024575000;10000;9449799778;B
20240122;100503;0.024575000;4080000;9449799779;B
20240122;100503;0.024575000;20000;9449799780;B
20240122;100503;0.024575000;1020000;9449799781;B
20240122;100503;0.024580000;1000000;9449799782;B
20240122;100503;0.024580000;6000000;9449799783;B
20240122;100503;0.024580000;720000;9449799784;B
20240122;100504;0.024565000;20000;9449800090;S
20240122;100506;0.024565000;100000;9449800384;S
20240122;100507;0.024575000;10000;9449800542;B
20240122;100507;0.024560000;1000000;9449800745;S
20240122;100507;0.024560000;5000000;9449800746;S
20240122;100509;0.024575000;20000;9449801071;B
20240122;100509;0.024575000;970000;9449801131;B
20240122;100509;0.024575000;30000;9449801132;B
20240122;100510;0.024570000;10000;9449801483;B
20240122;100510;0.024570000;10000;9449801549;B
20240122;100514;0.024560000;10000;9449802221;S
20240122;100514;0.024560000;500000;9449802222;S
20240122;100514;0.024560000;1050000;9449802223;S
20240122;100514;0.024560000;1000000;9449802224;S
20240122;100514;0.024555000;260000;9449802225;S
20240122;100514;0.024555000;10000;9449802226;S
20240122;100514;0.024555000;10000;9449802227;S
20240122;100514;0.024555000;1230000;9449802228;S
20240122;100514;0.024570000;20000;9449802300;B
20240122;100515;0.024570000;10000;9449802449;B
20240122;100515;0.024570000;20000;9449802523;B
20240122;100515;0.024555000;10000;9449802530;S
20240122;100516;0.024570000;90000;9449802590;B
20240122;100517;0.024560000;50000;9449802901;B
20240122;100518;0.024560000;500000;9449803223;S
20240122;100518;0.024570000;1000000;9449803236;B
20240122;100518;0.024575000;1000000;9449803237;B
20240122;100518;0.024575000;50000;9449803238;B
20240122;100518;0.024575000;950000;9449803239;B
20240122;100519;0.024575000;400000;9449803296;B
20240122;100520;0.024575000;300000;9449803473;B
20240122;100520;0.024575000;10000;9449803477;B
20240122;100521;0.024570000;40000;9449803832;S
20240122;100521;0.024565000;590000;9449803833;S
20240122;100521;0.024565000;1000000;9449803834;S
20240122;100521;0.024560000;1900000;9449803835;S
20240122;100521;0.024560000;1000000;9449803836;S
20240122;100522;0.024560000;2000000;9449804035;B
20240122;100522;0.024560000;1900000;9449804048;B
20240122;100522;0.024560000;10000;9449804140;B
20240122;100522;0.024560000;10000;9449804203;B
20240122;100523;0.024560000;10000;9449804268;B
20240122;100523;0.024560000;100000;9449804338;B
20240122;100524;0.024560000;1440000;9449804513;B
20240122;100524;0.024565000;560000;9449804514;B
20240122;100525;0.024570000;10000;9449804596;B
20240122;100526;0.024570000;10000;9449804748;B
20240122;100526;0.024570000;20000;9449804803;B
20240122;100527;0.024555000;20000;9449804847;S
20240122;100527;0.024555000;520000;9449804917;S
20240122;100527;0.024570000;30000;9449804959;B
20240122;100528;0.024555000;2030000;9449805142;S
20240122;100529;0.024555000;1030000;9449805342;S
20240122;100529;0.024570000;20000;9449805379;B
20240122;100530;0.024570000;400000;9449805443;B
20240122;100530;0.024560000;500000;9449805593;S
20240122;100530;0.024555000;500000;9449805594;S
20240122;100531;0.024570000;10000;9449805690;B
20240122;100531;0.024555000;10000;9449805726;S
20240122;100531;0.024555000;1000000;9449805727;S
20240122;100531;0.024555000;1990000;9449805728;B
20240122;100531;0.024560000;1000000;9449805729;B
20240122;100532;0.024560000;710000;9449805911;S
20240122;100532;0.024560000;100000;9449805912;S
20240122;100532;0.024560000;1000000;9449805913;S
20240122;100532;0.024560000;200000;9449805914;S
20240122;100533;0.024560000;100000;9449805980;B
20240122;100534;0.024560000;200000;9449806294;B
20240122;100535;0.024555000;90000;9449806456;S
20240122;100537;0.024560000;10000;9449806900;B
20240122;100538;0.024560000;200000;9449807020;B
20240122;100539;0.024560000;10000;9449807228;B
20240122;100540;0.024560000;80000;9449807263;B
20240122;100541;0.024560000;100000;9449807482;B
20240122;100541;0.024555000;710000;9449807509;S
20240122;100541;0.024555000;1320000;9449807510;S
20240122;100543;0.024555000;680000;9449808019;S
20240122;100543;0.024555000;980000;9449808020;S
20240122;100543;0.024550000;10000;9449808021;S
20240122;100543;0.024550000;50000;9449808022;S
20240122;100543;0.024550000;10000;9449808023;S
20240122;100543;0.024550000;10000;9449808024;S
20240122;100543;0.024550000;300000;9449808025;S
20240122;100543;0.024550000;10000;9449808026;S
20240122;100543;0.024550000;10000;9449808027;S
20240122;100543;0.024550000;10000;9449808028;S
20240122;100543;0.024550000;10000;9449808029;S
20240122;100543;0.024550000;10000;9449808030;S
20240122;100543;0.024550000;500000;9449808031;S
20240122;100543;0.024550000;10000;9449808032;S
20240122;100543;0.024550000;10000;9449808033;S
20240122;100543;0.024550000;10000;9449808034;S
20240122;100543;0.024550000;10000;9449808035;S
20240122;100543;0.024550000;40000;9449808036;S
20240122;100543;0.024550000;520000;9449808037;S
20240122;100543;0.024550000;10000;9449808038;S
20240122;100543;0.024550000;10000;9449808039;S
20240122;100543;0.024550000;40000;9449808040;S
20240122;100543;0.024550000;10000000;9449808041;S
20240122;100543;0.024550000;10000;9449808042;S
20240122;100543;0.024550000;40000;9449808043;S
20240122;100543;0.024550000;10000;9449808044;S
20240122;100543;0.024550000;410000;9449808045;S
20240122;100543;0.024550000;50000;9449808046;S
20240122;100543;0.024550000;50000;9449808047;S
20240122;100543;0.024550000;10000;9449808048;S
20240122;100543;0.024550000;20000;9449808049;S
20240122;100543;0.024550000;10000;9449808050;S
20240122;100543;0.024550000;10000;9449808051;S
20240122;100543;0.024550000;10000;9449808052;S
20240122;100543;0.024550000;500000;9449808053;S
20240122;100543;0.024550000;20000;9449808054;S
20240122;100543;0.024550000;80000;9449808055;S
20240122;100543;0.024550000;10000;9449808056;S
20240122;100543;0.024550000;10000;9449808057;S
20240122;100543;0.024550000;10000;9449808058;S
20240122;100543;0.024550000;20000;9449808059;S
20240122;100543;0.024550000;10000;9449808060;S
20240122;100543;0.024550000;10000;9449808061;S
20240122;100543;0.024550000;10000;9449808062;S
20240122;100543;0.024550000;10000;9449808063;S
20240122;100543;0.024550000;10000;9449808064;S
20240122;100543;0.024550000;170000;9449808065;S
20240122;100543;0.024550000;10000;9449808066;S
20240122;100543;0.024550000;50000;9449808067;S
20240122;100543;0.024550000;40000;9449808068;S
20240122;100543;0.024550000;10000;9449808069;S
20240122;100543;0.024550000;50000;9449808070;S
20240122;100543;0.024550000;10000;9449808071;S
20240122;100543;0.024550000;10000;9449808072;S
20240122;100543;0.024550000;10000;9449808073;S
20240122;100543;0.024550000;10000;9449808074;S
20240122;100543;0.024550000;50000;9449808075;S
20240122;100543;0.024550000;10000;9449808076;S
20240122;100543;0.024550000;10000;9449808077;S
20240122;100543;0.024550000;500000;9449808078;S
20240122;100543;0.024550000;10000;9449808079;S
20240122;100543;0.024550000;10000;9449808080;S
20240122;100543;0.024550000;10000;9449808081;S
20240122;100543;0.024550000;20000;9449808082;S
20240122;100543;0.024550000;10000;9449808083;S
20240122;100543;0.024550000;10000;9449808084;S
20240122;100543;0.024550000;20000;9449808085;S
20240122;100543;0.024550000;20000;9449808086;S
20240122;100543;0.024550000;10000;9449808087;S
20240122;100543;0.024550000;20000;9449808088;S
20240122;100543;0.024550000;50000;9449808089;S
20240122;100543;0.024550000;10000;9449808090;S
20240122;100543;0.024550000;20000;9449808091;S
20240122;100543;0.024550000;10000;9449808092;S
20240122;100543;0.024550000;11430000;9449808093;S
20240122;100543;0.024550000;6000000;9449808094;S
20240122;100543;0.024550000;1000000;9449808095;S
20240122;100543;0.024550000;5000000;9449808096;S
20240122;100543;0.024550000;1000000;9449808097;S
20240122;100543;0.024550000;1000000;9449808098;S
20240122;100543;0.024550000;10000;9449808099;S
20240122;100543;0.024550000;40000;9449808100;S
20240122;100544;0.024560000;300000;9449808217;B
20240122;100544;0.024560000;10000;9449808226;B
20240122;100544;0.024550000;1000000;9449808237;S
20240122;100544;0.024550000;350000;9449808241;S
20240122;100544;0.024550000;350000;9449808243;S
20240122;100545;0.024550000;4070000;9449808387;S
20240122;100546;0.024550000;7420000;9449808630;S
20240122;100546;0.024550000;100000;9449808631;S
20240122;100546;0.024550000;10000;9449808632;S
20240122;100546;0.024550000;2400000;9449808633;S
20240122;100546;0.024550000;980000;9449808634;S
20240122;100546;0.024545000;10000;9449808635;S
20240122;100546;0.024545000;20000;9449808636;S
20240122;100546;0.024545000;30000;9449808637;S
20240122;100546;0.024545000;20000;9449808638;S
20240122;100546;0.024545000;10000;9449808639;S
20240122;100546;0.024545000;10000;9449808640;S
20240122;100546;0.024545000;20000;9449808641;S
20240122;100546;0.024545000;50000;9449808642;S
20240122;100546;0.024545000;10000;9449808643;S
20240122;100546;0.024545000;250000;9449808644;S
20240122;100546;0.024545000;10000;9449808645;S
20240122;100546;0.024545000;1680000;9449808646;S
20240122;100546;0.024545000;20000;9449808647;S
20240122;100546;0.024545000;40000;9449808648;S
20240122;100546;0.024545000;330000;9449808649;S
20240122;100546;0.024545000;10000;9449808650;S
20240122;100546;0.024545000;80000;9449808651;S
20240122;100546;0.024545000;50000;9449808652;S
20240122;100546;0.024545000;10000;9449808653;S
20240122;100546;0.024545000;20000;9449808654;S
20240122;100546;0.024545000;10000;9449808655;S
20240122;100546;0.024545000;10000;9449808656;S
20240122;100546;0.024545000;80000;9449808657;S
20240122;100546;0.024545000;130000;9449808658;S
20240122;100546;0.024545000;20000;9449808659;S
20240122;100546;0.024545000;70000;9449808660;S
20240122;100546;0.024545000;30000;9449808661;S
20240122;100546;0.024545000;20000;9449808662;S
20240122;100546;0.024545000;10000;9449808663;S
20240122;100546;0.024545000;10000;9449808664;S
20240122;100546;0.024545000;10000;9449808665;S
20240122;100546;0.024545000;20000;9449808666;S
20240122;100546;0.024545000;40000;9449808667;S
20240122;100546;0.024545000;10000;9449808668;S
20240122;100546;0.024545000;5940000;9449808669;S
20240122;100546;0.024555000;1000000;9449808694;B
20240122;100546;0.024560000;980000;9449808695;B
20240122;100546;0.024560000;1000000;9449808696;B
20240122;100546;0.024560000;2020000;9449808697;B
20240122;100546;0.024560000;100000;9449808717;B
20240122;100547;0.024555000;100000;9449808947;B
20240122;100548;0.024550000;10000;9449809102;S
20240122;100548;0.024545000;20000;9449809103;S
20240122;100548;0.024545000;60000;9449809129;S
20240122;100549;0.024560000;10000;9449809284;B
20240122;100550;0.024545000;5410000;9449809382;S
20240122;100550;0.024545000;6000000;9449809383;S
20240122;100550;0.024545000;1590000;9449809384;S
20240122;100551;0.024550000;1000000;9449809501;S
20240122;100551;0.024545000;3070000;9449809502;S
20240122;100551;0.024560000;80000;9449809561;B
20240122;100552;0.024550000;50000;9449809662;S
20240122;100552;0.024560000;1000000;9449809689;B
20240122;100552;0.024560000;9000000;9449809690;B
20240122;100552;0.024565000;100000;9449809698;B
20240122;100555;0.024565000;10000;9449810208;B
20240122;100556;0.024570000;50000;9449810337;B
20240122;100556;0.024570000;260000;9449810408;B
20240122;100557;0.024570000;100000;9449810589;B
20240122;100601;0.024560000;490000;9449811324;S
20240122;100601;0.024565000;10000;9449811325;B
20240122;100602;0.024565000;60000;9449811677;B
20240122;100602;0.024560000;2000000;9449811684;S
20240122;100602;0.024565000;40000;9449811714;B
20240122;100602;0.024560000;10000;9449811716;S
20240122;100604;0.024560000;100000;9449812084;S
20240122;100605;0.024565000;20000;9449812260;B
20240122;100607;0.024560000;10000;9449812601;S
20240122;100607;0.024560000;20000;9449812603;S
20240122;100607;0.024565000;720000;9449812606;B
20240122;100608;0.024565000;10000;9449812743;B
20240122;100609;0.024560000;140000;9449812845;S
20240122;100609;0.024560000;200000;9449812897;S
20240122;100610;0.024565000;140000;9449813201;B
20240122;100610;0.024565000;1150000;9449813202;B
20240122;100610;0.024565000;10000;9449813203;B
20240122;100610;0.024565000;5680000;9449813204;B
20240122;100610;0.024565000;2020000;9449813205;B
20240122;100611;0.024565000;10000;9449813334;B
20240122;100611;0.024565000;20000;9449813446;B
20240122;100613;0.024560000;330000;9449813629;S
20240122;100615;0.024560000;10000;9449813993;S
20240122;100616;0.024565000;10000000;9449814396;B
20240122;100617;0.024565000;50000;9449814656;B
20240122;100619;0.024565000;230000;9449815045;B
20240122;100620;0.024560000;10000;9449815155;S
20240122;100622;0.024560000;370000;9449815525;S
20240122;100622;0.024565000;50000;9449815550;B
20240122;100623;0.024565000;20000;9449815800;B
20240122;100625;0.024560000;130000;9449816491;S
20240122;100626;0.024560000;770000;9449816565;S
20240122;100626;0.024565000;700000;9449816566;B
20240122;100628;0.024565000;20000;9449816888;B
20240122;100629;0.024565000;8000000;9449816972;B
20240122;100629;0.024560000;4070000;9449817102;S
20240122;100629;0.024565000;20000;9449817141;B
20240122;100632;0.024565000;10000;9449817517;B
20240122;100632;0.024565000;50000;9449817617;B
20240122;100633;0.024565000;10000;9449817626;B
20240122;100634;0.024560000;10000;9449817811;S
20240122;100634;0.024560000;10000;9449818006;S
20240122;100635;0.024565000;20000;9449818129;B
20240122;100635;0.024560000;10000;9449818138;S
20240122;100636;0.024560000;1310000;9449818206;S
20240122;100636;0.024560000;10000;9449818207;S
20240122;100636;0.024560000;500000;9449818208;S
20240122;100636;0.024560000;1000000;9449818209;S
20240122;100636;0.024560000;500000;9449818210;S
20240122;100636;0.024560000;80000;9449818246;B
20240122;100639;0.024560000;30000;9449818820;B
20240122;100640;0.024560000;50000;9449818954;B
20240122;100641;0.024555000;10000;9449819099;S
20240122;100642;0.024550000;1800000;9449819243;S
20240122;100644;0.024550000;260000;9449819537;S
20240122;100646;0.024550000;200000;9449819934;S
20240122;100648;0.024555000;30000;9449820195;B
20240122;100648;0.024550000;2020000;9449820201;S
20240122;100649;0.024555000;10000;9449820417;B
20240122;100649;0.024550000;50000;9449820488;S
20240122;100650;0.024555000;10000;9449820648;B
20240122;100651;0.024555000;20000;9449820818;B
20240122;100654;0.024550000;5000000;9449821143;S
20240122;100654;0.024555000;30000;9449821170;B
20240122;100654;0.024555000;20000;9449821207;B
20240122;100654;0.024550000;10180000;9449821216;S
20240122;100655;0.024550000;190000;9449821292;S
20240122;100655;0.024550000;400000;9449821293;S
20240122;100656;0.024550000;20000;9449821538;S
20240122;100657;0.024555000;300000;9449821662;B
20240122;100657;0.024555000;10000;9449821689;B
20240122;100658;0.024555000;10000;9449821914;B
20240122;100659;0.024555000;100000;9449822038;B
20240122;100659;0.024550000;1000000;9449822106;S
20240122;100700;0.024550000;1000000;9449822244;S
20240122;100700;0.024550000;10000000;9449822280;S
20240122;100700;0.024555000;150000;9449822339;B
20240122;100701;0.024555000;10000;9449822854;B
20240122;100701;0.024550000;200000;9449822988;S
20240122;100702;0.024550000;700000;9449823048;S
20240122;100702;0.024555000;5000000;9449823115;B
20240122;100703;0.024555000;20000;9449823366;B
20240122;100704;0.024550000;20000;9449823571;S
20240122;100705;0.024550000;700000;9449823723;S
20240122;100705;0.024550000;8060000;9449823736;S
20240122;100705;0.024550000;240000;9449823737;S
20240122;100705;0.024550000;4760000;9449823745;S
20240122;100705;0.024545000;240000;9449823746;S
20240122;100705;0.024550000;1100000;9449823748;B
20240122;100705;0.024550000;800000;9449823749;B
20240122;100705;0.024550000;300000;9449823750;B
20240122;100705;0.024550000;100000;9449823754;B
20240122;100705;0.024550000;1100000;9449823755;B
20240122;100705;0.024550000;300000;9449823756;B
20240122;100705;0.024550000;3000000;9449823758;B
20240122;100705;0.024550000;100000;9449823759;B
20240122;100705;0.024550000;100000;9449823760;B
20240122;100705;0.024550000;200000;9449823761;B
20240122;100705;0.024550000;900000;9449823762;B
20240122;100705;0.024550000;310000;9449823968;B
20240122;100706;0.024545000;60000;9449824128;S
20240122;100707;0.024550000;50000;9449824157;B
20240122;100708;0.024545000;610000;9449824407;S
20240122;100708;0.024545000;60000;9449824451;S
20240122;100709;0.024550000;70000;9449824630;B
20240122;100710;0.024545000;5000000;9449824813;S
20240122;100713;0.024545000;20000;9449825286;S
20240122;100714;0.024550000;100000;9449825422;B
20240122;100714;0.024550000;40000;9449825464;B
20240122;100716;0.024545000;10000;9449825866;S
20240122;100717;0.024550000;320000;9449826013;B
20240122;100718;0.024545000;9340000;9449826116;S
20240122;100718;0.024545000;10000;9449826117;S
20240122;100718;0.024545000;10000;9449826118;S
20240122;100718;0.024545000;10000;9449826119;S
20240122;100718;0.024545000;10000;9449826120;S
20240122;100718;0.024545000;10000;9449826121;S
20240122;100718;0.024545000;10000;9449826122;S
20240122;100718;0.024545000;200000;9449826123;S
20240122;100718;0.024545000;10000;9449826124;S
20240122;100718;0.024545000;210000;9449826125;S
20240122;100718;0.024545000;10000000;9449826126;S
20240122;100718;0.024545000;50000;9449826127;S
20240122;100718;0.024545000;100000;9449826128;S
20240122;100718;0.024545000;10000;9449826129;S
20240122;100718;0.024545000;100000;9449826130;S
20240122;100718;0.024545000;10000;9449826131;S
20240122;100718;0.024540000;10000;9449826132;S
20240122;100718;0.024540000;10000;9449826133;S
20240122;100718;0.024540000;10000;9449826134;S
20240122;100718;0.024540000;2220000;9449826135;S
20240122;100718;0.024540000;99700000;9449826136;S
20240122;100718;0.024540000;300000;9449826137;S
20240122;100718;0.024540000;10000;9449826138;S
20240122;100718;0.024540000;10000;9449826139;S
20240122;100718;0.024540000;10000;9449826140;S
20240122;100718;0.024540000;1000000;9449826141;S
20240122;100718;0.024540000;10000;9449826142;S
20240122;100718;0.024540000;6900000;9449826143;S
20240122;100718;0.024540000;90000;9449826155;S
20240122;100718;0.024545000;4070000;9449826222;B
20240122;100718;0.024540000;10000;9449826311;S
20240122;100719;0.024540000;400000;9449826339;S
20240122;100719;0.024545000;10000;9449826413;B
20240122;100719;0.024540000;680000;9449826445;S
20240122;100721;0.024545000;1000000;9449826815;B
20240122;100722;0.024545000;10000;9449827099;B
20240122;100722;0.024540000;600000;9449827118;S
20240122;100722;0.024545000;1000000;9449827158;B
20240122;100722;0.024540000;1320000;9449827161;S
20240122;100722;0.024540000;2180000;9449827162;S
20240122;100722;0.024545000;440000;9449827174;B
20240122;100723;0.024545000;100000;9449827319;B
20240122;100724;0.024540000;9190000;9449827514;S
20240122;100724;0.024540000;600000;9449827518;S
20240122;100725;0.024540000;10000;9449827691;S
20240122;100725;0.024540000;10000;9449827700;S
20240122;100727;0.024545000;20000;9449827930;B
20240122;100727;0.024545000;1000000;9449827931;B
20240122;100727;0.024545000;1470000;9449827932;B
20240122;100727;0.024550000;10000;9449827989;B
20240122;100729;0.024545000;90000;9449828198;S
20240122;100729;0.024545000;170000;9449828208;S
20240122;100730;0.024545000;50000;9449828422;S
20240122;100732;0.024550000;120000;9449828733;B
20240122;100734;0.024545000;10000000;9449829231;S
20240122;100734;0.024550000;10000;9449829257;B
20240122;100734;0.024545000;330000;9449829453;S
20240122;100735;0.024550000;50000;9449829529;B
20240122;100738;0.024545000;50000;9449830087;S
20240122;100738;0.024550000;90000;9449830100;B
20240122;100738;0.024550000;610000;9449830181;B
20240122;100743;0.024550000;10000;9449830908;B
20240122;100743;0.024545000;900000;9449830987;S
20240122;100744;0.024550000;200000;9449831036;B
20240122;100744;0.024550000;90000;9449831041;B
20240122;100744;0.024550000;1000000;9449831064;B
20240122;100744;0.024550000;47820000;9449831075;B
20240122;100744;0.024550000;1950000;9449831076;B
20240122;100744;0.024550000;230000;9449831077;B
20240122;100744;0.024550000;100000;9449831080;B
20240122;100744;0.024550000;10000;9449831081;B
20240122;100744;0.024550000;180000;9449831082;B
20240122;100744;0.024550000;1710000;9449831083;B
20240122;100744;0.024550000;100000;9449831123;B
20240122;100745;0.024545000;110000;9449831178;S
20240122;100747;0.024545000;6000000;9449831528;S
20240122;100748;0.024550000;100000;9449831608;B
20240122;100750;0.024545000;15000000;9449832001;S
20240122;100751;0.024545000;40000;9449832105;S
20240122;100751;0.024550000;1600000;9449832129;B
20240122;100751;0.024550000;12950000;9449832130;B
20240122;100753;0.024545000;40000;9449832305;S
20240122;100753;0.024545000;2000000;9449832378;S
20240122;100754;0.024550000;1000000;9449832461;B
20240122;100755;0.024545000;60000;9449832644;S
20240122;100756;0.024550000;9870000;9449832750;B
20240122;100756;0.024550000;130000;9449832751;B
20240122;100756;0.024550000;10000;9449832783;B
20240122;100756;0.024550000;70000;9449832829;B
20240122;100756;0.024555000;50000;9449832830;B
20240122;100756;0.024560000;940000;9449832831;B
20240122;100757;0.024550000;20000;9449832888;S
20240122;100757;0.024560000;160000;9449833017;B
20240122;100758;0.024555000;40000;9449833240;S
20240122;100758;0.024555000;10000;9449833243;S
20240122;100759;0.024555000;4030000;9449833376;S
20240122;100759;0.024550000;16390000;9449833377;S
20240122;100759;0.024550000;1000000;9449833378;S
20240122;100759;0.024550000;1740000;9449833379;S
20240122;100759;0.024550000;10000;9449833380;S
20240122;100759;0.024545000;22440000;9449833381;S
20240122;100803;0.024555000;10000;9449834256;B
20240122;100804;0.024545000;7000000;9449834349;S
20240122;100804;0.024555000;50000;9449834451;B
20240122;100807;0.024545000;130000;9449834905;S
20240122;100808;0.024545000;10000;9449835098;S
20240122;100809;0.024550000;200000;9449835323;S
20240122;100809;0.024545000;100000;9449835324;S
20240122;100810;0.024545000;3350000;9449835441;S
20240122;100810;0.024545000;29640000;9449835478;S
20240122;100810;0.024545000;30000;9449835479;S
20240122;100810;0.024545000;10000;9449835480;S
20240122;100810;0.024545000;10000;9449835481;S
20240122;100810;0.024545000;10000;9449835482;S
20240122;100810;0.024545000;110000;9449835483;S
20240122;100810;0.024540000;4290000;9449835484;S
20240122;100810;0.024540000;500000;9449835485;S
20240122;100810;0.024540000;10000;9449835486;S
20240122;100810;0.024540000;20000;9449835487;S
20240122;100810;0.024540000;1000000;9449835488;S
20240122;100810;0.024540000;10000;9449835489;S
20240122;100810;0.024540000;16540000;9449835490;S
20240122;100810;0.024540000;1750000;9449835491;S
20240122;100810;0.024535000;100000;9449835492;S
20240122;100810;0.024535000;1000000;9449835493;S
20240122;100810;0.024535000;10000;9449835494;S
20240122;100810;0.024535000;10000;9449835495;S
20240122;100810;0.024535000;200000;9449835496;S
20240122;100810;0.024535000;10000;9449835497;S
20240122;100810;0.024535000;1000000;9449835498;S
20240122;100810;0.024535000;1000000;9449835499;S
20240122;100810;0.024535000;6000000;9449835500;S
20240122;100810;0.024530000;100000;9449835501;S
20240122;100810;0.024530000;220000;9449835502;S
20240122;100810;0.024530000;10000000;9449835503;S
20240122;100810;0.024530000;10690000;9449835504;S
20240122;100810;0.024545000;200000;9449835510;B
20240122;100810;0.024545000;10000;9449835530;B
20240122;100811;0.024530000;10000;9449835588;S
20240122;100811;0.024530000;10000;9449835589;S
20240122;100811;0.024530000;10000;9449835590;S
20240122;100811;0.024530000;10000;9449835591;S
20240122;100811;0.024530000;10000;9449835592;S
20240122;100811;0.024530000;10000;9449835593;S
20240122;100811;0.024525000;100000;9449835594;S
20240122;100811;0.024525000;40000;9449835595;S
20240122;100812;0.024545000;20000;9449835733;B
20240122;100812;0.024545000;570000;9449835884;B
20240122;100814;0.024545000;70000;9449836109;B
20240122;100814;0.024545000;30000;9449836139;B
20240122;100814;0.024545000;100000;9449836163;B
20240122;100814;0.024545000;10000;9449836164;B
20240122;100819;0.024535000;10000;9449836842;B
20240122;100820;0.024535000;10000;9449837122;B
20240122;100827;0.024535000;10000;9449838154;B
20240122;100828;0.024535000;10000;9449838362;B
20240122;100830;0.024535000;50000;9449838673;B
20240122;100831;0.024535000;910000;9449838755;B
20240122;100831;0.024535000;680000;9449838756;B
20240122;100831;0.024530000;10000;9449838795;S
20240122;100831;0.024530000;10000;9449838796;S
20240122;100831;0.024530000;30000;9449838797;S
20240122;100832;0.024530000;70000;9449838960;S
20240122;100832;0.024530000;50000;9449838961;S
20240122;100832;0.024530000;50000;9449838962;S
20240122;100832;0.024530000;50000;9449838963;S
20240122;100832;0.024530000;50000;9449838964;S
20240122;100832;0.024530000;50000;9449838965;S
20240122;100832;0.024530000;50000;9449838966;B
20240122;100832;0.024530000;10000;9449839007;B
20240122;100832;0.024530000;50000;9449839019;B
20240122;100833;0.024530000;10580000;9449839161;B
20240122;100835;0.024525000;960000;9449839375;S
20240122;100835;0.024525000;1040000;9449839376;S
20240122;100837;0.024525000;160000;9449839715;S
20240122;100837;0.024530000;30000;9449839762;B
20240122;100838;0.024525000;4500000;9449839896;S
20240122;100839;0.024530000;10000;9449840040;B
20240122;100839;0.024530000;50000;9449840062;B
20240122;100840;0.024530000;380000;9449840130;B
20240122;100840;0.024525000;60000;9449840163;S
20240122;100840;0.024530000;10000;9449840204;B
20240122;100841;0.024530000;100000;9449840335;B
20240122;100842;0.024530000;100000;9449840487;B
20240122;100842;0.024530000;10000;9449840523;B
20240122;100845;0.024525000;5000000;9449840881;S
20240122;100846;0.024525000;5000000;9449841006;S
20240122;100846;0.024530000;20000;9449841017;B
20240122;100846;0.024530000;4280000;9449841027;B
20240122;100846;0.024530000;720000;9449841028;B
20240122;100847;0.024530000;30000;9449841162;B
20240122;100847;0.024525000;4080000;9449841163;S
20240122;100848;0.024530000;10000;9449841363;B
20240122;100849;0.024525000;30160000;9449841556;S
20240122;100849;0.024525000;5000000;9449841557;S
20240122;100849;0.024525000;200000;9449841558;S
20240122;100849;0.024525000;10000;9449841559;S
20240122;100849;0.024525000;10000;9449841560;S
20240122;100849;0.024525000;10000;9449841561;S
20240122;100849;0.024525000;1000000;9449841562;S
20240122;100849;0.024525000;10000;9449841563;S
20240122;100849;0.024525000;10000;9449841564;S
20240122;100849;0.024525000;10000;9449841565;S
20240122;100849;0.024525000;10000;9449841566;S
20240122;100849;0.024525000;1000000;9449841567;S
20240122;100849;0.024525000;350000;9449841568;S
20240122;100849;0.024525000;10000;9449841569;S
20240122;100849;0.024525000;2000000;9449841570;S
20240122;100849;0.024525000;50000;9449841571;S
20240122;100849;0.024525000;2000000;9449841572;S
20240122;100849;0.024525000;200000;9449841573;S
20240122;100849;0.024525000;10000;9449841574;S
20240122;100849;0.024525000;10000;9449841575;S
20240122;100849;0.024520000;8000000;9449841576;S
20240122;100849;0.024520000;100000;9449841577;S
20240122;100849;0.024520000;10000;9449841578;S
20240122;100849;0.024520000;60000;9449841579;S
20240122;100849;0.024520000;10000;9449841580;S
20240122;100849;0.024520000;50000;9449841581;S
20240122;100849;0.024520000;10000;9449841582;S
20240122;100849;0.024520000;350000;9449841583;S
20240122;100849;0.024520000;50000;9449841584;S
20240122;100849;0.024520000;10000;9449841585;S
20240122;100849;0.024520000;10000;9449841586;S
20240122;100849;0.024520000;10000;9449841587;S
20240122;100849;0.024520000;1670000;9449841588;S
20240122;100849;0.024520000;10000;9449841589;S
20240122;100849;0.024520000;200000;9449841590;S
20240122;100849;0.024515000;10000;9449841591;S
20240122;100849;0.024515000;20000;9449841592;S
20240122;100849;0.024515000;1000000;9449841593;S
20240122;100849;0.024515000;20000;9449841594;S
20240122;100849;0.024515000;50000;9449841595;S
20240122;100849;0.024515000;20000;9449841596;S
20240122;100849;0.024515000;10000;9449841597;S
20240122;100849;0.024515000;10000;9449841598;S
20240122;100849;0.024515000;50000;9449841599;S
20240122;100849;0.024515000;10000;9449841600;S
20240122;100849;0.024515000;30000;9449841601;S
20240122;100849;0.024515000;3600000;9449841602;S
20240122;100849;0.024515000;10000;9449841603;S
20240122;100849;0.024515000;10000;9449841604;S
20240122;100849;0.024515000;20000;9449841605;S
20240122;100849;0.024515000;10000;9449841606;S
20240122;100849;0.024515000;10000;9449841607;S
20240122;100849;0.024515000;40000;9449841608;S
20240122;100849;0.024515000;40000;9449841609;S
20240122;100849;0.024515000;300000;9449841610;S
20240122;100849;0.024515000;1000000;9449841611;S
20240122;100849;0.024515000;10000;9449841612;S
20240122;100849;0.024515000;50000;9449841613;S
20240122;100849;0.024510000;30000;9449841614;S
20240122;100849;0.024510000;200000;9449841615;S
20240122;100849;0.024510000;10000;9449841616;S
20240122;100849;0.024510000;500000;9449841617;S
20240122;100849;0.024510000;14000000;9449841618;S
20240122;100849;0.024510000;20000;9449841619;S
20240122;100849;0.024510000;300000;9449841620;S
20240122;100849;0.024510000;50000;9449841621;S
20240122;100849;0.024510000;16530000;9449841622;S
20240122;100849;0.024510000;10000;9449841623;S
20240122;100849;0.024510000;20000;9449841624;S
20240122;100849;0.024510000;1000000;9449841625;S
20240122;100849;0.024510000;1000000;9449841626;S
20240122;100849;0.024510000;1000000;9449841627;S
20240122;100849;0.024510000;240000;9449841628;S
20240122;100849;0.024510000;2400000;9449841629;S
20240122;100849;0.024505000;220000;9449841630;S
20240122;100849;0.024505000;60000;9449841631;S
20240122;100849;0.024505000;2000000;9449841632;S
20240122;100849;0.024505000;10000;9449841633;S
20240122;100849;0.024505000;2000000;9449841634;S
20240122;100849;0.024505000;11430000;9449841635;S
20240122;100849;0.024505000;6000000;9449841636;S
20240122;100849;0.024505000;5000000;9449841637;S
20240122;100849;0.024505000;19110000;9449841638;S
20240122;100849;0.024505000;10000;9449841639;S
20240122;100849;0.024505000;1500000;9449841640;S
20240122;100849;0.024505000;1000000;9449841641;S
20240122;100849;0.024505000;10000;9449841642;S
20240122;100849;0.024505000;4610000;9449841643;S
20240122;100849;0.024505000;1000000;9449841644;S
20240122;100849;0.024505000;200000;9449841645;S
20240122;100849;0.024505000;16290000;9449841646;S
20240122;100849;0.024505000;50000;9449841647;S
20240122;100849;0.024505000;200000;9449841648;S
20240122;100849;0.024500000;10000000;9449841649;S
20240122;100849;0.024500000;10000;9449841650;S
20240122;100849;0.024500000;200000;9449841651;S
20240122;100849;0.024500000;10000;9449841652;S
20240122;100849;0.024500000;10000;9449841653;S
20240122;100849;0.024500000;10000;9449841654;S
20240122;100849;0.024500000;2000000;9449841655;S
20240122;100849;0.024500000;20000;9449841656;S
20240122;100849;0.024500000;10000;9449841657;S
20240122;100849;0.024500000;10000;9449841658;S
20240122;100849;0.024500000;50000;9449841659;S
20240122;100849;0.024500000;10000;9449841660;S
20240122;100849;0.024500000;100000;9449841661;S
20240122;100849;0.024500000;10000;9449841662;S
20240122;100849;0.024500000;100000;9449841663;S
20240122;100849;0.024500000;100000;9449841664;S
20240122;100849;0.024500000;10000;9449841665;S
20240122;100849;0.024500000;10000;9449841666;S
20240122;100849;0.024500000;10000;9449841667;S
20240122;100849;0.024500000;10000;9449841668;S
20240122;100849;0.024500000;90000;9449841669;S
20240122;100849;0.024500000;10000;9449841670;S
20240122;100849;0.024500000;10000;9449841671;S
20240122;100849;0.024500000;50000;9449841672;S
20240122;100849;0.024500000;10000;9449841673;S
20240122;100849;0.024500000;10000;9449841674;S
20240122;100849;0.024500000;20000;9449841675;S
20240122;100849;0.024500000;100000;9449841676;S
20240122;100849;0.024500000;100000;9449841677;S
20240122;100849;0.024500000;20000;9449841678;S
20240122;100849;0.024500000;500000;9449841679;S
20240122;100849;0.024500000;30000;9449841680;S
20240122;100849;0.024500000;20000;9449841681;S
20240122;100849;0.024500000;20000;9449841682;S
20240122;100849;0.024500000;1000000;9449841683;S
20240122;100849;0.024500000;40000;9449841684;S
20240122;100849;0.024500000;40000;9449841685;S
20240122;100849;0.024500000;100000;9449841686;S
20240122;100849;0.024500000;20000;9449841687;S
20240122;100849;0.024500000;10000;9449841688;S
20240122;100849;0.024500000;50000;9449841689;S
20240122;100849;0.024500000;10000;9449841690;S
20240122;100849;0.024500000;11430000;9449841691;S
20240122;100849;0.024500000;6000000;9449841692;S
20240122;100849;0.024500000;10000;9449841693;S
20240122;100849;0.024500000;10000;9449841694;S
20240122;100849;0.024500000;70000;9449841695;S
20240122;100849;0.024500000;20000000;9449841696;S
20240122;100849;0.024500000;10000000;9449841697;S
20240122;100849;0.024500000;5000000;9449841698;S
20240122;100849;0.024500000;10000;9449841699;S
20240122;100849;0.024500000;50000000;9449841700;S
20240122;100849;0.024500000;290000;9449841701;S
20240122;100849;0.024500000;3000000;9449841702;S
20240122;100849;0.024500000;10000;9449841703;S
20240122;100849;0.024500000;10000;9449841704;S
20240122;100849;0.024500000;2000000;9449841705;S
20240122;100849;0.024500000;10000;9449841706;S
20240122;100849;0.024500000;10000;9449841707;S
20240122;100849;0.024500000;40000;9449841708;S
20240122;100849;0.024500000;20000;9449841709;S
20240122;100849;0.024500000;9000000;9449841710;S
20240122;100849;0.024500000;8320000;9449841711;S
20240122;100849;0.024500000;50000;9449841712;S
20240122;100849;0.024500000;10000;9449841713;S
20240122;100849;0.024500000;1000000;9449841714;S
20240122;100849;0.024500000;110000;9449841715;S
20240122;100849;0.024500000;1000000;9449841716;S
20240122;100849;0.024500000;40000000;9449841717;S
20240122;100849;0.024500000;12220000;9449841718;S
20240122;100849;0.024500000;20000;9449841719;S
20240122;100849;0.024500000;500000;9449841720;S
20240122;100849;0.024495000;40000;9449841721;S
20240122;100849;0.024495000;20000;9449841722;S
20240122;100849;0.024495000;6000000;9449841723;S
20240122;100849;0.024495000;11430000;9449841724;S
20240122;100849;0.024495000;9430000;9449841725;S
20240122;100849;0.024505000;15280000;9449841726;S
20240122;100849;0.024495000;40570000;9449841727;S
20240122;100849;0.024495000;1000000;9449841728;S
20240122;100849;0.024495000;28800000;9449841729;S
20240122;100849;0.024490000;10000;9449841730;S
20240122;100849;0.024490000;10000;9449841731;S
20240122;100849;0.024490000;6000000;9449841732;S
20240122;100849;0.024490000;11430000;9449841733;S
20240122;100849;0.024490000;50000000;9449841734;S
20240122;100849;0.024490000;10000;9449841735;S
20240122;100849;0.024490000;10000;9449841736;S
20240122;100849;0.024490000;1000000;9449841737;S
20240122;100849;0.024490000;8400000;9449841738;S
20240122;100849;0.024490000;30000000;9449841739;S
20240122;100849;0.024490000;40000000;9449841740;S
20240122;100849;0.024485000;10000;9449841741;S
20240122;100849;0.024485000;10000;9449841742;S
20240122;100849;0.024485000;2000000;9449841743;S
20240122;100849;0.024485000;6000000;9449841744;S
20240122;100849;0.024485000;11430000;9449841745;S
20240122;100849;0.024485000;1000000;9449841746;S
20240122;100849;0.024485000;40000000;9449841747;S
20240122;100849;0.024480000;1000000;9449841748;S
20240122;100849;0.024480000;220000;9449841749;S
20240122;100849;0.024480000;10000;9449841750;S
20240122;100849;0.024480000;70000;9449841751;S
20240122;100849;0.024480000;6000000;9449841752;S
20240122;100849;0.024480000;11430000;9449841753;S
20240122;100849;0.024480000;10000;9449841754;S
20240122;100849;0.024480000;1000000;9449841755;S
20240122;100849;0.024480000;10000;9449841756;S
20240122;100849;0.024475000;10000000;9449841757;S
20240122;100849;0.024475000;1000000;9449841758;S
20240122;100849;0.024475000;30000;9449841759;S
20240122;100849;0.024475000;6000000;9449841760;S
20240122;100849;0.024475000;11430000;9449841761;S
20240122;100849;0.024475000;1000000;9449841762;S
20240122;100849;0.024475000;6000000;9449841763;S
20240122;100849;0.024470000;10000;9449841764;S
20240122;100849;0.024470000;50000;9449841765;S
20240122;100849;0.024470000;10000000;9449841766;S
20240122;100849;0.024470000;10000;9449841767;S
20240122;100849;0.024470000;10000;9449841768;S
20240122;100849;0.024470000;6000000;9449841769;S
20240122;100849;0.024470000;11430000;9449841770;S
20240122;100849;0.024470000;1000000;9449841771;S
20240122;100849;0.024470000;7500000;9449841772;S
20240122;100849;0.024465000;50000;9449841773;S
20240122;100849;0.024465000;2170000;9449841774;S
20240122;100849;0.024465000;3830000;9449841775;S
20240122;100849;0.024465000;11430000;9449841776;S
20240122;100849;0.024460000;100000;9449841777;S
20240122;100849;0.024460000;500000;9449841778;S
20240122;100849;0.024460000;200000;9449841779;S
20240122;100849;0.024460000;10000;9449841780;S
20240122;100849;0.024460000;10000;9449841781;S
20240122;100849;0.024460000;70000;9449841782;S
20240122;100849;0.024460000;6000000;9449841783;S
20240122;100849;0.024460000;11430000;9449841784;S
20240122;100849;0.024460000;10000;9449841785;S
20240122;100849;0.024460000;80000000;9449841786;S
20240122;100849;0.024460000;20000000;9449841787;S
20240122;100849;0.024455000;50000;9449841788;S
20240122;100849;0.024455000;2000000;9449841789;S
20240122;100849;0.024455000;6000000;9449841790;S
20240122;100849;0.024455000;11430000;9449841791;S
20240122;100849;0.024455000;50000;9449841792;S
20240122;100849;0.024455000;10000000;9449841793;S
20240122;100849;0.024455000;2500000;9449841794;S
20240122;100849;0.024450000;10000000;9449841795;S
20240122;100849;0.024450000;20000;9449841796;S
20240122;100849;0.024450000;10000;9449841797;S
20240122;100849;0.024450000;5000000;9449841798;S
20240122;100849;0.024450000;50000;9449841799;S
20240122;100849;0.024450000;2500000;9449841800;S
20240122;100849;0.024450000;2000000;9449841801;S
20240122;100849;0.024450000;10000;9449841802;S
20240122;100849;0.024450000;700000;9449841803;S
20240122;100849;0.024450000;200000;9449841804;S
20240122;100849;0.024450000;6000000;9449841805;S
20240122;100849;0.024450000;11430000;9449841806;S
20240122;100849;0.024450000;18460000;9449841807;S
20240122;100850;0.024500000;5000000;9449841810;S
20240122;100850;0.024460000;6000000;9449841821;S
20240122;100850;0.024465000;500000;9449841822;B
20240122;100850;0.024465000;1000000;9449841823;B
20240122;100850;0.024465000;6000000;9449841824;B
20240122;100850;0.024465000;500000;9449841825;S
20240122;100850;0.024460000;2100000;9449841826;S
20240122;100850;0.024465000;10000;9449841829;B
20240122;100850;0.024465000;10000;9449841830;B
20240122;100850;0.024450000;1540000;9449841831;S
20240122;100850;0.024450000;20000;9449841832;S
20240122;100850;0.024450000;10000;9449841833;S
20240122;100850;0.024450000;10000;9449841834;S
20240122;100850;0.024450000;420000;9449841835;B
20240122;100850;0.024450000;420000;9449841836;B
20240122;100850;0.024450000;420000;9449841837;B
20240122;100850;0.024450000;160000;9449841838;B
20240122;100850;0.024445000;110000;9449841842;S
20240122;100850;0.024445000;10000;9449841858;S
20240122;100850;0.024445000;1080000;9449841859;S
20240122;100850;0.024445000;10000;9449841860;S
20240122;100850;0.024445000;100000;9449841861;S
20240122;100850;0.024445000;2070000;9449841862;S
20240122;100850;0.024445000;20000;9449841863;S
20240122;100850;0.024445000;10000;9449841866;S
20240122;100850;0.024460000;640000;9449841867;B
20240122;100850;0.024445000;5400000;9449841868;S
20240122;100850;0.024440000;10000;9449841869;S
20240122;100850;0.024440000;100000;9449841870;S
20240122;100850;0.024440000;20000;9449841871;S
20240122;100850;0.024440000;10000;9449841872;S
20240122;100850;0.024440000;70000;9449841873;S
20240122;100850;0.024440000;12220000;9449841874;S
20240122;100850;0.024440000;4080000;9449841875;S
20240122;100850;0.024440000;1000000;9449841876;S
20240122;100850;0.024440000;1680000;9449841877;S
20240122;100850;0.024435000;10000;9449841878;S
20240122;100850;0.024435000;50000;9449841879;S
20240122;100850;0.024435000;11430000;9449841880;S
20240122;100850;0.024435000;24550000;9449841881;S
20240122;100850;0.024435000;1000000;9449841882;S
20240122;100850;0.024430000;38370000;9449841883;S
20240122;100850;0.024455000;10000;9449841887;B
20240122;100850;0.024455000;250000;9449841889;B
20240122;100850;0.024440000;5000000;9449841890;B
20240122;100850;0.024440000;7100000;9449841891;B
20240122;100850;0.024440000;1000000;9449841892;B
20240122;100850;0.024435000;6000000;9449841893;S
20240122;100850;0.024440000;1900000;9449841894;B
20240122;100850;0.024435000;400000;9449841895;B
20240122;100850;0.024435000;2000000;9449841896;B
20240122;100850;0.024430000;4000000;9449841916;S
20240122;100850;0.024435000;10000;9449841924;B
20240122;100850;0.024435000;100000;9449841964;B
20240122;100850;0.024435000;50000;9449841970;B
20240122;100850;0.024430000;400000;9449841971;S
20240122;100850;0.024430000;880000;9449841972;S
20240122;100850;0.024430000;500000;9449841973;S
20240122;100850;0.024435000;430000;9449841981;B
20240122;100850;0.024435000;10000;9449841985;B
20240122;100850;0.024435000;400000;9449841986;B
20240122;100850;0.024435000;100000;9449841989;B
20240122;100850;0.024435000;30000;9449841990;B
20240122;100850;0.024435000;10000;9449841991;B
20240122;100850;0.024435000;40000;9449841992;B
20240122;100850;0.024430000;10000;9449841993;S
20240122;100850;0.024435000;300000;9449842003;B
20240122;100850;0.024435000;30000;9449842004;B
20240122;100850;0.024435000;10000;9449842020;B
20240122;100850;0.024435000;2500000;9449842029;B
20240122;100850;0.024435000;100000;9449842031;B
20240122;100850;0.024435000;300000;9449842033;B
20240122;100850;0.024435000;40000;9449842042;B
20240122;100850;0.024435000;40000;9449842044;B
20240122;100850;0.024435000;20000;9449842060;B
20240122;100850;0.024435000;100000;9449842062;B
20240122;100850;0.024435000;50000;9449842064;B
20240122;100850;0.024435000;4980000;9449842073;B
20240122;100850;0.024435000;6000000;9449842074;B
20240122;100850;0.024435000;1000000;9449842075;B
20240122;100850;0.024440000;4270000;9449842076;B
20240122;100850;0.024435000;1000000;9449842088;B
20240122;100850;0.024435000;3070000;9449842089;B
20240122;100851;0.024435000;100000;9449842099;B
20240122;100851;0.024430000;10000;9449842101;S
20240122;100851;0.024435000;20000;9449842104;B
20240122;100851;0.024435000;20000;9449842126;B
20240122;100851;0.024435000;20000;9449842129;B
20240122;100851;0.024435000;950000;9449842160;B
20240122;100851;0.024430000;50000;9449842161;S
20240122;100851;0.024430000;20000;9449842162;S
20240122;100851;0.024435000;10000;9449842166;B
20240122;100851;0.024435000;100000;9449842176;B
20240122;100851;0.024435000;30000;9449842177;B
20240122;100851;0.024435000;20000;9449842178;B
20240122;100851;0.024435000;10000;9449842179;B
20240122;100851;0.024435000;260000;9449842180;B
20240122;100851;0.024435000;710000;9449842181;B
20240122;100851;0.024435000;4290000;9449842182;B
20240122;100851;0.024435000;1500000;9449842185;B
20240122;100851;0.024430000;1130000;9449842186;S
20240122;100851;0.024430000;200000;9449842187;S
20240122;100851;0.024430000;10000;9449842188;S
20240122;100851;0.024430000;30000;9449842189;S
20240122;100851;0.024430000;50000;9449842190;S
20240122;100851;0.024430000;50000;9449842191;S
20240122;100851;0.024430000;10000;9449842192;S
20240122;100851;0.024430000;40000;9449842193;S
20240122;100851;0.024430000;400000;9449842194;S
20240122;100851;0.024430000;80000;9449842195;S
20240122;100851;0.024435000;20000;9449842196;B
20240122;100851;0.024435000;10000;9449842198;B
20240122;100851;0.024435000;60000;9449842200;B
20240122;100851;0.024430000;150000;9449842202;S
20240122;100851;0.024435000;50000;9449842207;B
20240122;100851;0.024435000;70000;9449842208;B
20240122;100851;0.024435000;930000;9449842209;B
20240122;100851;0.024430000;180000;9449842213;S
20240122;100851;0.024435000;40000;9449842215;B
20240122;100851;0.024435000;10000;9449842216;B
20240122;100851;0.024435000;10000;9449842220;B
20240122;100851;0.024435000;10000;9449842223;B
20240122;100851;0.024435000;500000;9449842225;B
20240122;100851;0.024430000;50000;9449842226;S
20240122;100851;0.024435000;500000;9449842228;B
20240122;100851;0.024430000;50000;9449842229;S
20240122;100851;0.024430000;1300000;9449842237;S
20240122;100851;0.024435000;500000;9449842244;B
20240122;100851;0.024435000;500000;9449842253;B
20240122;100851;0.024435000;20000;9449842254;B
20240122;100851;0.024435000;20000;9449842266;B
20240122;100851;0.024430000;190000;9449842273;S
20240122;100851;0.024430000;10000;9449842274;S
20240122;100851;0.024430000;10000;9449842275;S
20240122;100851;0.024430000;10000;9449842276;S
20240122;100851;0.024430000;10000;9449842277;S
20240122;100851;0.024430000;80000;9449842278;S
20240122;100851;0.024430000;1200000;9449842279;S
20240122;100851;0.024430000;4080000;9449842280;S
20240122;100851;0.024430000;410000;9449842281;S
20240122;100851;0.024430000;6000000;9449842282;S
20240122;100851;0.024430000;5810000;9449842283;S
20240122;100851;0.024430000;100000;9449842284;S
20240122;100851;0.024430000;90000;9449842285;S
20240122;100851;0.024430000;4910000;9449842286;S
20240122;100851;0.024430000;10000;9449842287;S
20240122;100851;0.024430000;1080000;9449842288;S
20240122;100851;0.024435000;10000;9449842294;B
20240122;100851;0.024435000;110000;9449842306;B
20240122;100851;0.024435000;390000;9449842307;B
20240122;100852;0.024435000;500000;9449842314;B
20240122;100852;0.024435000;1150000;9449842341;B
20240122;100852;0.024430000;3000000;9449842363;S
20240122;100852;0.024430000;900000;9449842364;S
20240122;100852;0.024430000;100000;9449842366;S
20240122;100852;0.024430000;100000;9449842378;S
20240122;100852;0.024430000;5000000;9449842418;S
20240122;100852;0.024430000;3000000;9449842419;S
20240122;100852;0.024430000;900000;9449842420;S
20240122;100852;0.024430000;1100000;9449842432;S
20240122;100852;0.024435000;20000;9449842434;B
20240122;100852;0.024430000;2980000;9449842448;S
20240122;100852;0.024430000;2020000;9449842449;S
20240122;100852;0.024430000;8000000;9449842450;S
20240122;100852;0.024430000;800000;9449842453;S
20240122;100852;0.024430000;200000;9449842454;S
20240122;100852;0.024430000;400000;9449842458;S
20240122;100852;0.024430000;2680000;9449842460;S
20240122;100852;0.024430000;5420000;9449842461;S
20240122;100852;0.024430000;3600000;9449842463;S
20240122;100852;0.024430000;3200000;9449842464;S
20240122;100852;0.024430000;1800000;9449842465;S
20240122;100852;0.024430000;2280000;9449842466;S
20240122;100852;0.024425000;1820000;9449842467;S
20240122;100852;0.024425000;40000;9449842468;S
20240122;100852;0.024425000;2000000;9449842472;S
20240122;100852;0.024430000;1850000;9449842476;B
20240122;100852;0.024430000;1000000;9449842477;B
20240122;100852;0.024430000;6000000;9449842478;B
20240122;100852;0.024430000;11430000;9449842479;B
20240122;100852;0.024430000;4600000;9449842480;B
