<DATE>;<TIME>;<LAST>;<VOL>;<ID>;<OPER>
20240117;095956;0.025040000;10000;9411039170;S
20240117;095956;0.025040000;50000;9411039171;S
20240117;095956;0.025040000;30000;9411039172;S
20240117;095956;0.025040000;10000;9411039173;S
20240117;095956;0.025040000;30000;9411039174;S
20240117;095956;0.025040000;470000;9411039175;S
20240117;095956;0.025040000;150000;9411039176;S
20240117;095956;0.025040000;170000;9411039177;B
20240117;095956;0.025040000;170000;9411039178;B
20240117;095956;0.025040000;120000;9411039179;S
20240117;095956;0.025040000;10000;9411039180;S
20240117;095956;0.025040000;70000;9411039181;S
20240117;095956;0.025040000;30000;9411039182;S
20240117;095956;0.025040000;60000;9411039183;S
20240117;095956;0.025040000;60000;9411039184;S
20240117;095956;0.025040000;80000;9411039185;S
20240117;095956;0.025040000;330000;9411039186;S
20240117;095956;0.025040000;10000;9411039187;S
20240117;095956;0.025040000;460000;9411039188;S
20240117;095956;0.025040000;180000;9411039189;S
20240117;095956;0.025040000;10000;9411039190;S
20240117;095956;0.025040000;50000;9411039191;S
20240117;095956;0.025040000;10000;9411039192;S
20240117;095956;0.025040000;260000;9411039193;S
20240117;095956;0.025040000;30000;9411039194;S
20240117;095956;0.025040000;20000;9411039195;B
20240117;095956;0.025040000;950000;9411039196;S
20240117;095956;0.025040000;10000;9411039197;S
20240117;095956;0.025040000;10000;9411039198;S
20240117;095956;0.025040000;10000;9411039199;S
20240117;095956;0.025040000;20000;9411039200;S
20240117;095956;0.025040000;70000;9411039201;B
20240117;095956;0.025040000;40000;9411039202;B
20240117;095956;0.025040000;10000;9411039203;B
20240117;095956;0.025040000;10000;9411039204;B
20240117;095956;0.025040000;40000;9411039205;B
20240117;095956;0.025040000;30000;9411039206;B
20240117;095956;0.025040000;230000;9411039207;B
20240117;095956;0.025040000;160000;9411039208;B
20240117;095956;0.025040000;1280000;9411039209;B
20240117;095956;0.025040000;10000;9411039210;B
20240117;095956;0.025040000;490000;9411039211;B
20240117;095956;0.025040000;20000;9411039212;B
20240117;095956;0.025040000;10000;9411039213;B
20240117;095956;0.025040000;40000;9411039214;B
20240117;095956;0.025040000;30000;9411039215;B
20240117;095956;0.025040000;10000;9411039216;B
20240117;095956;0.025040000;20000;9411039217;B
20240117;095956;0.025040000;10000;9411039218;B
20240117;095956;0.025040000;1370000;9411039219;B
20240117;095956;0.025040000;1000000;9411039220;B
20240117;095956;0.025040000;50000;9411039221;B
20240117;095956;0.025040000;40000;9411039222;B
20240117;095956;0.025040000;10000;9411039223;B
20240117;095956;0.025040000;50000;9411039224;B
20240117;095956;0.025040000;10000;9411039225;B
20240117;095956;0.025040000;10000;9411039226;B
20240117;095956;0.025040000;40000;9411039227;B
20240117;095956;0.025040000;10000;9411039228;B
20240117;095956;0.025040000;10000;9411039229;B
20240117;095956;0.025040000;10000;9411039230;B
20240117;095956;0.025040000;80000;9411039231;B
20240117;095956;0.025040000;10000;9411039232;B
20240117;095956;0.025040000;10000;9411039233;B
20240117;095956;0.025040000;10000;9411039234;S
20240117;095956;0.025040000;100000;9411039235;B
20240117;095956;0.025040000;2000000;9411039236;S
20240117;095956;0.025040000;20000;9411039237;B
20240117;095956;0.025040000;160000;9411039238;B
20240117;095956;0.025040000;1840000;9411039239;B
20240117;095956;0.025040000;40000;9411039240;B
20240117;095956;0.025040000;290000;9411039241;B
20240117;095956;0.025040000;330000;9411039242;B
20240117;095956;0.025040000;10000;9411039243;B
20240117;095956;0.025040000;200000;9411039244;B
20240117;095956;0.025040000;1000000;9411039245;S
20240117;095956;0.025040000;10000;9411039246;B
20240117;095956;0.025040000;10000;9411039247;B
20240117;095956;0.025040000;10000;9411039248;B
20240117;095956;0.025040000;10000;9411039249;B
20240117;095956;0.025040000;40000;9411039250;B
20240117;095956;0.025040000;1190000;9411039251;B
20240117;095956;0.025040000;100000;9411039252;B
20240117;095956;0.025040000;2000000;9411039253;B
20240117;095956;0.025040000;4120000;9411039254;B
20240117;095956;0.025040000;4000000;9411039255;B
20240117;095956;0.025040000;10000;9411039256;B
20240117;095956;0.025040000;80000;9411039257;B
20240117;095956;0.025040000;10000;9411039258;B
20240117;095956;0.025040000;5000000;9411039259;S
20240117;095956;0.025040000;10000;9411039260;B
20240117;095956;0.025040000;1000000;9411039261;S
20240117;095956;0.025040000;1000000;9411039262;S
20240117;095956;0.025040000;300000;9411039263;S
20240117;095956;0.025040000;10000;9411039264;S
20240117;095956;0.025040000;10000;9411039265;S
20240117;095956;0.025040000;4000000;9411039266;S
20240117;095956;0.025040000;10450000;9411039267;B
20240117;095956;0.025040000;10000;9411039268;S
20240117;095956;0.025040000;60000;9411039269;B
20240117;095956;0.025040000;14480000;9411039270;S
20240117;095956;0.025040000;10000;9411039271;S
20240117;095956;0.025040000;10000;9411039272;S
20240117;095956;0.025040000;30000000;9411039273;S
20240117;100000;0.025035000;3000000;9411039792;B
20240117;100000;0.025035000;5000000;9411039793;B
20240117;100000;0.025035000;7970000;9411039794;B
20240117;100000;0.025040000;2030000;9411039795;B
20240117;100000;0.025040000;2500000;9411039796;B
20240117;100000;0.025040000;3000000;9411039797;B
20240117;100000;0.025040000;3000000;9411039811;B
20240117;100000;0.025040000;5000000;9411039812;B
20240117;100000;0.025040000;3200000;9411039813;B
20240117;100000;0.025035000;100000;9411039823;B
20240117;100000;0.025035000;200000;9411039907;B
20240117;100000;0.025035000;5000000;9411039918;B
20240117;100000;0.025035000;4100000;9411039920;B
20240117;100000;0.025035000;1630000;9411039921;B
20240117;100000;0.025040000;1370000;9411039922;B
20240117;100000;0.025040000;600000;9411039935;B
20240117;100000;0.025040000;100000;9411039956;B
20240117;100000;0.025040000;300000;9411039983;B
20240117;100000;0.025040000;3000000;9411039984;B
20240117;100000;0.025040000;5000000;9411039985;B
20240117;100000;0.025035000;100000;9411039986;S
20240117;100000;0.025035000;400000;9411039987;S
20240117;100000;0.025035000;5000000;9411040010;B
20240117;100000;0.025035000;10000;9411040110;B
20240117;100000;0.025030000;1190000;9411040169;S
20240117;100000;0.025030000;4810000;9411040170;S
20240117;100000;0.025030000;6000000;9411040204;S
20240117;100000;0.025030000;6000000;9411040238;S
20240117;100000;0.025035000;10000000;9411040262;B
20240117;100000;0.025030000;6000000;9411040283;S
20240117;100000;0.025030000;6000000;9411040321;S
20240117;100000;0.025030000;6000000;9411040332;S
20240117;100000;0.025035000;200000;9411040377;B
20240117;100000;0.025030000;200000;9411040450;S
20240117;100000;0.025035000;260000;9411040587;B
20240117;100000;0.025035000;1340000;9411040588;B
20240117;100000;0.025035000;1600000;9411040589;B
20240117;100001;0.025030000;10000;9411040602;S
20240117;100001;0.025030000;24980000;9411040649;S
20240117;100001;0.025030000;800000;9411040650;S
20240117;100001;0.025030000;100000;9411040651;S
20240117;100001;0.025015000;100000;9411040656;B
20240117;100001;0.025015000;900000;9411040657;B
20240117;100001;0.025015000;100000;9411040658;B
20240117;100001;0.025015000;1000000;9411040659;B
20240117;100001;0.025015000;100000;9411040660;B
20240117;100001;0.025015000;700000;9411040661;B
20240117;100001;0.025015000;2000000;9411040665;B
20240117;100001;0.025015000;100000;9411040666;B
20240117;100001;0.025015000;5000000;9411040667;B
20240117;100001;0.025015000;300000;9411040811;B
20240117;100001;0.025010000;20000;9411040863;S
20240117;100001;0.025015000;10000;9411040921;B
20240117;100001;0.025010000;3000000;9411040966;S
20240117;100001;0.025015000;6000000;9411041199;B
20240117;100001;0.025010000;10000;9411041255;S
20240117;100001;0.025010000;1000000;9411041256;S
20240117;100001;0.025015000;660000;9411041259;B
20240117;100001;0.025015000;340000;9411041260;B
20240117;100002;0.025010000;10000;9411041417;S
20240117;100002;0.025010000;30000;9411041429;S
20240117;100004;0.025010000;50000;9411042885;S
20240117;100004;0.025010000;50000;9411042886;S
20240117;100004;0.025015000;10000;9411042887;B
20240117;100004;0.025010000;10000;9411042888;S
20240117;100004;0.025015000;210000;9411042891;B
20240117;100004;0.025010000;1000000;9411042892;S
20240117;100004;0.025015000;100000;9411043029;B
20240117;100004;0.025010000;20000;9411043328;S
20240117;100004;0.025015000;10000;9411043330;B
20240117;100004;0.025010000;50000;9411043562;S
20240117;100004;0.025010000;10000;9411043563;S
20240117;100004;0.025010000;20000;9411043577;S
20240117;100004;0.025015000;40000;9411043581;B
20240117;100004;0.025010000;10000;9411043582;S
20240117;100004;0.025010000;220000;9411043584;S
20240117;100004;0.025010000;10000;9411043585;S
20240117;100004;0.025015000;60000;9411043587;B
20240117;100005;0.025015000;20000;9411043796;B
20240117;100005;0.025015000;10000;9411043797;B
20240117;100005;0.025010000;10000;9411043798;S
20240117;100005;0.025015000;50000;9411043800;B
20240117;100005;0.025010000;50000;9411044043;S
20240117;100005;0.025015000;150000;9411044045;B
20240117;100005;0.025015000;40000;9411044046;B
20240117;100005;0.025015000;10000;9411044050;B
20240117;100005;0.025015000;10000;9411044051;B
20240117;100005;0.025010000;10000;9411044052;S
20240117;100005;0.025010000;50000;9411044054;S
20240117;100005;0.025015000;10000;9411044055;B
20240117;100005;0.025010000;10000;9411044580;S
20240117;100005;0.025015000;10000;9411044587;B
20240117;100005;0.025010000;40000;9411044596;S
20240117;100005;0.025015000;80000;9411044604;B
20240117;100005;0.025015000;10000;9411044648;B
20240117;100005;0.025015000;10000;9411044653;B
20240117;100005;0.025010000;50000;9411044661;S
20240117;100005;0.025015000;50000;9411044663;B
20240117;100005;0.025015000;10000;9411044818;B
20240117;100005;0.025015000;40000;9411044863;B
20240117;100005;0.025010000;30000;9411044871;S
20240117;100005;0.025015000;40000;9411044889;B
20240117;100005;0.025015000;20000;9411044891;B
20240117;100005;0.025010000;10000;9411044893;S
20240117;100005;0.025015000;30000;9411044897;B
20240117;100005;0.025010000;50000;9411044913;S
20240117;100005;0.025010000;80000;9411045066;S
20240117;100005;0.025015000;20000;9411045318;B
20240117;100005;0.025010000;300000;9411045322;S
20240117;100005;0.025015000;50000;9411045387;B
20240117;100005;0.025010000;40000;9411045388;S
20240117;100005;0.025015000;10000;9411045391;B
20240117;100005;0.025010000;50000;9411045392;S
20240117;100005;0.025010000;200000;9411045438;S
20240117;100005;0.025015000;10000;9411045439;B
20240117;100005;0.025015000;10000;9411045554;B
20240117;100006;0.025015000;10000;9411045834;B
20240117;100006;0.025010000;30000;9411045835;S
20240117;100006;0.025015000;10000;9411045836;B
20240117;100006;0.025015000;500000;9411046022;B
20240117;100006;0.025010000;100000;9411046229;S
20240117;100006;0.025010000;10000;9411046246;S
20240117;100006;0.025010000;5210000;9411046554;S
20240117;100006;0.025010000;10000;9411046668;S
20240117;100007;0.025015000;20000;9411046699;B
20240117;100007;0.025010000;50000;9411046701;S
20240117;100007;0.025015000;40000;9411046899;B
20240117;100007;0.025010000;10000;9411046900;S
20240117;100007;0.025015000;20000;9411046903;B
20240117;100007;0.025010000;1000000;9411047019;S
20240117;100007;0.025010000;20000;9411047110;S
20240117;100007;0.025015000;10000;9411047111;B
20240117;100007;0.025010000;10000;9411047112;S
20240117;100007;0.025010000;10000;9411047113;S
20240117;100007;0.025010000;10000;9411047252;S
20240117;100007;0.025015000;50000;9411047413;B
20240117;100008;0.025010000;10000;9411047457;S
20240117;100008;0.025010000;20000;9411047652;S
20240117;100009;0.025010000;5410000;9411048178;S
20240117;100010;0.025015000;370000;9411048256;B
20240117;100010;0.025015000;9630000;9411048257;B
20240117;100010;0.025015000;2350000;9411048513;B
20240117;100010;0.025015000;1410000;9411048535;B
20240117;100010;0.025015000;10000;9411048586;B
20240117;100010;0.025015000;20000;9411048587;B
20240117;100010;0.025015000;10000;9411048591;B
20240117;100010;0.025015000;140000;9411048599;B
20240117;100010;0.025015000;30000;9411048616;B
20240117;100010;0.025015000;260000;9411048627;B
20240117;100011;0.025015000;300000;9411048807;B
20240117;100013;0.025010000;1000000;9411049511;S
20240117;100013;0.025010000;10000;9411049610;S
20240117;100014;0.025010000;2000000;9411049862;S
20240117;100014;0.025010000;50000;9411049864;S
20240117;100015;0.025015000;10000;9411050122;B
20240117;100015;0.025010000;2000000;9411050230;S
20240117;100016;0.025015000;1800000;9411050342;B
20240117;100016;0.025015000;10000;9411050343;B
20240117;100016;0.025015000;2290000;9411050344;B
20240117;100016;0.025010000;1500000;9411050516;S
20240117;100017;0.025010000;10000;9411050557;S
20240117;100017;0.025010000;20000;9411050681;S
20240117;100017;0.025010000;970000;9411050682;S
20240117;100020;0.025010000;20000;9411051113;S
20240117;100020;0.025010000;10000;9411051229;S
20240117;100022;0.025015000;500000;9411051538;B
20240117;100022;0.025010000;900000;9411051604;S
20240117;100023;0.025010000;2000000;9411051757;S
20240117;100024;0.025015000;1000000;9411052144;B
20240117;100026;0.025015000;80000;9411052728;B
20240117;100026;0.025015000;2000000;9411052899;B
20240117;100028;0.025015000;40000;9411053333;B
20240117;100029;0.025015000;30000;9411053732;B
20240117;100030;0.025015000;10000;9411053996;B
20240117;100030;0.025010000;1100000;9411054054;S
20240117;100030;0.025010000;10000;9411054055;S
20240117;100030;0.025010000;10000;9411054056;S
20240117;100030;0.025010000;10000;9411054057;S
20240117;100030;0.025010000;10000;9411054058;S
20240117;100030;0.025010000;10000;9411054059;S
20240117;100030;0.025010000;10000;9411054060;S
20240117;100030;0.025010000;10000;9411054061;S
20240117;100030;0.025005000;1500000;9411054062;S
20240117;100030;0.025000000;200000;9411054063;S
20240117;100030;0.025000000;10000;9411054064;S
20240117;100030;0.025000000;10000;9411054065;S
20240117;100030;0.025000000;2000000;9411054066;S
20240117;100030;0.025000000;760000;9411054067;S
20240117;100030;0.025000000;100000;9411054068;S
20240117;100030;0.025000000;10000;9411054069;S
20240117;100030;0.025000000;1000000;9411054070;S
20240117;100030;0.025000000;600000;9411054071;S
20240117;100030;0.024995000;6000000;9411054072;S
20240117;100030;0.024995000;1000000;9411054073;S
20240117;100030;0.024995000;10010000;9411054074;S
20240117;100030;0.024990000;500000;9411054075;S
20240117;100030;0.024990000;400000;9411054076;S
20240117;100030;0.024990000;3730000;9411054077;S
20240117;100030;0.025000000;2000000;9411054102;B
20240117;100031;0.024995000;10000;9411054262;B
20240117;100031;0.025000000;40000;9411054263;B
20240117;100032;0.025000000;10000;9411054728;B
20240117;100035;0.025005000;20000;9411055407;B
20240117;100039;0.025005000;10000;9411056249;B
20240117;100039;0.025005000;10000;9411056440;B
20240117;100040;0.025000000;500000;9411056676;B
20240117;100040;0.025000000;100000;9411056955;B
20240117;100040;0.024995000;10000;9411056976;S
20240117;100043;0.024995000;240000;9411057620;S
20240117;100043;0.024990000;660000;9411057688;S
20240117;100043;0.024995000;14760000;9411057711;B
20240117;100043;0.024995000;1000000;9411057712;B
20240117;100043;0.024995000;10000;9411057718;S
20240117;100046;0.024995000;30000;9411058538;S
20240117;100047;0.024995000;2500000;9411058866;S
20240117;100050;0.025000000;200000;9411059235;B
20240117;100053;0.024995000;10000;9411059759;S
20240117;100053;0.025000000;200000;9411059780;B
20240117;100053;0.025000000;300000;9411059781;B
20240117;100053;0.024995000;8160000;9411059944;S
20240117;100053;0.024995000;1010000;9411059945;S
20240117;100053;0.024990000;340000;9411059946;S
20240117;100053;0.024990000;1000000;9411059947;S
20240117;100053;0.024985000;50000;9411059948;S
20240117;100053;0.024985000;50000;9411059949;S
20240117;100053;0.024985000;10000;9411059950;S
20240117;100053;0.024985000;70000;9411059951;S
20240117;100053;0.024985000;100000;9411059952;S
20240117;100053;0.024985000;10000;9411059953;S
20240117;100053;0.024985000;10000;9411059954;S
20240117;100053;0.024985000;10000;9411059955;S
20240117;100053;0.024985000;10000;9411059956;S
20240117;100053;0.024985000;400000;9411059957;S
20240117;100053;0.024985000;40000;9411059958;S
20240117;100053;0.024985000;10000;9411059959;S
20240117;100053;0.024985000;20000;9411059960;S
20240117;100053;0.024985000;2000000;9411059961;S
20240117;100053;0.024985000;20000;9411059962;S
20240117;100053;0.024985000;50000;9411059963;S
20240117;100053;0.024985000;10000;9411059964;S
20240117;100053;0.024985000;20000;9411059965;S
20240117;100053;0.024985000;40000;9411059966;S
20240117;100053;0.024985000;230000;9411059967;S
20240117;100053;0.024985000;30000;9411059968;S
20240117;100053;0.024985000;50000;9411059969;S
20240117;100053;0.024985000;590000;9411059970;S
20240117;100053;0.024985000;10000;9411059971;S
20240117;100053;0.024985000;10000;9411059972;S
20240117;100053;0.024985000;20000;9411059973;S
20240117;100053;0.024985000;40000;9411059974;S
20240117;100053;0.024985000;100000;9411059975;S
20240117;100053;0.024985000;20000;9411059976;S
20240117;100053;0.024985000;100000;9411059977;S
20240117;100053;0.024985000;200000;9411059978;S
20240117;100053;0.024985000;1180000;9411059979;S
20240117;100053;0.024985000;200000;9411059980;S
20240117;100053;0.024985000;200000;9411059981;S
20240117;100053;0.024985000;1000000;9411059982;S
20240117;100053;0.024985000;11030000;9411059983;S
20240117;100053;0.024985000;2380000;9411059984;S
20240117;100053;0.024980000;11030000;9411059985;S
20240117;100053;0.024980000;780000;9411059986;S
20240117;100053;0.024995000;2000000;9411059995;B
20240117;100053;0.024990000;1000000;9411060020;B
20240117;100054;0.024995000;10000;9411060139;B
20240117;100054;0.024985000;620000;9411060147;S
20240117;100057;0.024990000;10000;9411060872;B
20240117;100057;0.024990000;10000;9411060873;B
20240117;100100;0.024985000;380000;9411061366;S
20240117;100100;0.024990000;60000;9411061384;B
20240117;100104;0.024990000;920000;9411062369;B
20240117;100104;0.024990000;10000;9411062370;B
20240117;100104;0.024990000;380000;9411062371;B
20240117;100104;0.024990000;4000000;9411062372;B
20240117;100104;0.024990000;110000;9411062373;B
20240117;100104;0.024990000;100000;9411062374;B
20240117;100104;0.024990000;80000;9411062375;B
20240117;100104;0.024990000;1000000;9411062376;B
20240117;100104;0.024995000;3440000;9411062377;B
20240117;100104;0.024995000;1000000;9411062378;B
20240117;100104;0.024995000;90000;9411062379;B
20240117;100104;0.024995000;3370000;9411062380;B
20240117;100104;0.024985000;10030000;9411062412;S
20240117;100104;0.024985000;50000;9411062413;S
20240117;100104;0.024980000;220000;9411062414;S
20240117;100104;0.024980000;7500000;9411062415;S
20240117;100104;0.024980000;2200000;9411062416;S
20240117;100105;0.024985000;150000;9411062428;B
20240117;100107;0.024980000;4050000;9411063104;S
20240117;100108;0.024985000;10000;9411063186;B
20240117;100108;0.024980000;10000;9411063206;S
20240117;100109;0.024980000;40000;9411063407;S
20240117;100109;0.024975000;10000;9411063408;S
20240117;100109;0.024975000;20000;9411063409;S
20240117;100109;0.024975000;40000;9411063410;S
20240117;100109;0.024975000;10000;9411063411;S
20240117;100109;0.024975000;10000;9411063412;S
20240117;100109;0.024975000;120000;9411063413;S
20240117;100109;0.024975000;120000;9411063414;S
20240117;100109;0.024975000;200000;9411063415;S
20240117;100109;0.024975000;7430000;9411063416;S
20240117;100109;0.024975000;1770000;9411063499;S
20240117;100109;0.024975000;1830000;9411063501;S
20240117;100109;0.024970000;10000;9411063502;S
20240117;100109;0.024970000;200000;9411063503;S
20240117;100109;0.024970000;1000000;9411063504;S
20240117;100109;0.024970000;1960000;9411063505;S
20240117;100109;0.024975000;4000000;9411063525;S
20240117;100109;0.024975000;200000;9411063539;S
20240117;100109;0.024975000;6130000;9411063543;S
20240117;100110;0.024970000;1000000;9411063564;S
20240117;100111;0.024980000;1000000;9411063714;B
20240117;100111;0.024980000;40000;9411063715;B
20240117;100111;0.024985000;120000;9411063716;B
20240117;100111;0.024985000;50000;9411063717;B
20240117;100111;0.024985000;1000000;9411063718;B
20240117;100111;0.024985000;1000000;9411063719;B
20240117;100111;0.024985000;790000;9411063720;B
20240117;100111;0.024980000;10000;9411063804;B
20240117;100111;0.024970000;40000;9411063842;S
20240117;100111;0.024970000;50000;9411063843;S
20240117;100111;0.024970000;750000;9411063844;S
20240117;100112;0.024980000;990000;9411064056;B
20240117;100112;0.024980000;2700000;9411064057;B
20240117;100112;0.024985000;1810000;9411064058;B
20240117;100112;0.024985000;70000;9411064059;B
20240117;100112;0.024985000;430000;9411064060;B
20240117;100113;0.024970000;140000;9411064228;S
20240117;100116;0.024975000;90000;9411064590;B
20240117;100117;0.024970000;20000;9411064888;S
20240117;100118;0.024975000;400000;9411065201;B
20240117;100119;0.024975000;510000;9411065329;B
20240117;100119;0.024975000;30000;9411065330;B
20240117;100119;0.024980000;260000;9411065331;B
20240117;100119;0.024970000;30000;9411065388;S
20240117;100119;0.024970000;150000;9411065404;S
20240117;100119;0.024970000;1000000;9411065405;S
20240117;100119;0.024970000;50000;9411065406;S
20240117;100119;0.024965000;11030000;9411065407;S
20240117;100119;0.024965000;1000000;9411065408;S
20240117;100119;0.024965000;100000;9411065409;S
20240117;100119;0.024960000;20000;9411065410;S
20240117;100119;0.024960000;10000;9411065411;S
20240117;100119;0.024960000;5000000;9411065412;S
20240117;100119;0.024960000;1640000;9411065413;S
20240117;100119;0.024965000;500000;9411065415;S
20240117;100120;0.024965000;4000000;9411065533;S
20240117;100120;0.024965000;3000000;9411065554;S
20240117;100123;0.024965000;1910000;9411065924;S
20240117;100125;0.024975000;100000;9411066520;B
20240117;100127;0.024970000;10000;9411066947;S
20240117;100127;0.024965000;390000;9411066948;S
20240117;100129;0.024965000;10000;9411067396;S
20240117;100129;0.024965000;10000;9411067428;S
20240117;100130;0.024975000;170000;9411067530;B
20240117;100130;0.024965000;70000;9411067580;S
20240117;100132;0.024970000;10000;9411067935;S
20240117;100132;0.024965000;520000;9411067936;S
20240117;100132;0.024965000;50000;9411067937;S
20240117;100132;0.024965000;50000;9411067938;S
20240117;100132;0.024960000;3870000;9411067939;S
20240117;100133;0.024975000;310000;9411068216;B
20240117;100134;0.024960000;5520000;9411068269;S
20240117;100134;0.024960000;1000000;9411068270;S
20240117;100134;0.024960000;10000;9411068271;S
20240117;100134;0.024960000;10000;9411068272;S
20240117;100134;0.024960000;10000;9411068273;S
20240117;100134;0.024960000;10000;9411068274;S
20240117;100134;0.024960000;10000;9411068275;S
20240117;100134;0.024960000;10000;9411068276;S
20240117;100134;0.024960000;990000;9411068277;S
20240117;100134;0.024955000;2430000;9411068278;S
20240117;100134;0.024960000;820000;9411068281;S
20240117;100134;0.024960000;180000;9411068319;S
20240117;100134;0.024960000;220000;9411068320;S
20240117;100134;0.024960000;5000000;9411068364;S
20240117;100135;0.024960000;50000;9411068423;S
20240117;100135;0.024960000;5760000;9411068434;S
20240117;100135;0.024960000;1000000;9411068435;S
20240117;100135;0.024960000;200000;9411068436;S
20240117;100135;0.024955000;8600000;9411068437;S
20240117;100135;0.024955000;3880000;9411068438;S
20240117;100135;0.024975000;100000;9411068502;B
20240117;100135;0.024960000;10000;9411068537;S
20240117;100137;0.024970000;10000;9411068815;B
20240117;100138;0.024960000;390000;9411068990;S
20240117;100140;0.024975000;10000;9411069342;B
20240117;100141;0.024975000;150000;9411069372;B
20240117;100141;0.024975000;160000;9411069389;B
20240117;100141;0.024975000;1000000;9411069390;B
20240117;100141;0.024975000;5210000;9411069391;B
20240117;100141;0.024975000;90000;9411069392;B
20240117;100141;0.024975000;70000;9411069393;B
20240117;100141;0.024975000;40000;9411069394;B
20240117;100141;0.024975000;6000000;9411069395;B
20240117;100141;0.024975000;1000000;9411069396;B
20240117;100141;0.024980000;2430000;9411069397;B
20240117;100141;0.024970000;10000;9411069434;B
20240117;100142;0.024970000;100000;9411069647;B
20240117;100143;0.024965000;30000;9411069794;S
20240117;100146;0.024970000;890000;9411070278;B
20240117;100146;0.024970000;20000;9411070279;B
20240117;100147;0.024975000;730000;9411070409;B
20240117;100148;0.024970000;90000;9411070500;S
20240117;100148;0.024965000;90000;9411070501;S
20240117;100150;0.024970000;10000;9411070963;S
20240117;100151;0.024975000;10000;9411071087;B
20240117;100152;0.024970000;1000000;9411071167;S
20240117;100152;0.024975000;2500000;9411071205;B
20240117;100152;0.024975000;2000000;9411071278;B
20240117;100152;0.024975000;2290000;9411071333;B
20240117;100152;0.024980000;1710000;9411071334;B
20240117;100153;0.024975000;10000;9411071554;B
20240117;100153;0.024975000;3390000;9411071642;B
20240117;100153;0.024980000;1610000;9411071643;B
20240117;100153;0.024980000;5000000;9411071644;B
20240117;100155;0.024975000;1000000;9411071999;S
20240117;100155;0.024975000;4670000;9411072000;S
20240117;100156;0.024975000;20000;9411072236;S
20240117;100157;0.024975000;70000;9411072290;S
20240117;100158;0.024980000;3700000;9411072411;B
20240117;100200;0.024975000;30000;9411072692;S
20240117;100200;0.024975000;5210000;9411072877;S
20240117;100200;0.024970000;18990000;9411072878;S
20240117;100200;0.024970000;1000000;9411072879;S
20240117;100200;0.024970000;900000;9411072880;S
20240117;100200;0.024970000;10000;9411072881;S
20240117;100200;0.024965000;2380000;9411072882;S
20240117;100200;0.024965000;1000000;9411072883;S
20240117;100200;0.024965000;10000;9411072884;S
20240117;100200;0.024965000;3270000;9411072885;S
20240117;100203;0.024965000;50000;9411073395;S
20240117;100203;0.024960000;130000;9411073396;S
20240117;100204;0.024975000;10000;9411073579;B
20240117;100204;0.024960000;140000;9411073585;S
20240117;100205;0.024960000;10000;9411073722;S
20240117;100205;0.024975000;990000;9411073820;B
20240117;100205;0.024975000;10000;9411073821;B
20240117;100209;0.024960000;320000;9411074601;S
20240117;100209;0.024960000;50000;9411074602;S
20240117;100209;0.024960000;6000000;9411074603;S
20240117;100209;0.024960000;4000000;9411074604;S
20240117;100209;0.024960000;10420000;9411074605;S
20240117;100209;0.024960000;610000;9411074804;S
20240117;100209;0.024960000;1000000;9411074805;S
20240117;100209;0.024955000;890000;9411074806;S
20240117;100210;0.024970000;1000000;9411074987;B
20240117;100210;0.024970000;1690000;9411074988;B
20240117;100210;0.024975000;1000000;9411074989;B
20240117;100210;0.024975000;2410000;9411074990;B
20240117;100210;0.024975000;6000000;9411074991;B
20240117;100210;0.024975000;4000000;9411074992;B
20240117;100210;0.024980000;4900000;9411074993;B
20240117;100210;0.024975000;1000000;9411074996;B
20240117;100210;0.024975000;12010000;9411074997;B
20240117;100210;0.024975000;850000;9411074998;B
20240117;100210;0.024980000;1000000;9411074999;B
20240117;100210;0.024980000;6140000;9411075000;B
20240117;100210;0.024965000;1000000;9411075028;S
20240117;100210;0.024960000;5000000;9411075029;S
20240117;100211;0.024965000;1000000;9411075293;S
20240117;100211;0.024960000;800000;9411075294;S
20240117;100212;0.024965000;20000;9411075330;S
20240117;100212;0.024960000;10000;9411075331;S
20240117;100212;0.024960000;330000;9411075341;S
20240117;100212;0.024960000;1000000;9411075342;S
20240117;100212;0.024960000;90000;9411075343;S
20240117;100212;0.024955000;380000;9411075344;S
20240117;100214;0.024960000;40000;9411075663;S
20240117;100214;0.024955000;20000;9411075664;S
20240117;100216;0.024970000;30000;9411075871;B
20240117;100218;0.024970000;10000;9411076241;B
20240117;100218;0.024960000;20000;9411076261;S
20240117;100222;0.024960000;500000;9411076893;S
20240117;100222;0.024970000;40000;9411076995;B
20240117;100222;0.024970000;10000;9411076997;B
20240117;100223;0.024960000;500000;9411077068;S
20240117;100223;0.024960000;300000;9411077148;S
20240117;100224;0.024960000;500000;9411077215;S
20240117;100224;0.024970000;10000;9411077308;B
20240117;100224;0.024960000;200000;9411077335;S
20240117;100224;0.024955000;300000;9411077336;S
20240117;100225;0.024960000;1000000;9411077510;S
20240117;100225;0.024960000;100000;9411077511;S
20240117;100225;0.024955000;530000;9411077512;S
20240117;100225;0.024955000;1000000;9411077513;S
20240117;100225;0.024955000;300000;9411077514;S
20240117;100225;0.024955000;300000;9411077515;S
20240117;100225;0.024955000;6770000;9411077516;S
20240117;100226;0.024960000;20000;9411077557;S
20240117;100227;0.024960000;50000;9411077751;S
20240117;100228;0.024960000;50000;9411077865;S
20240117;100228;0.024970000;200000;9411077897;B
20240117;100229;0.024955000;50000;9411077994;S
20240117;100229;0.024970000;40000;9411078055;B
20240117;100230;0.024955000;100000;9411078134;S
20240117;100231;0.024955000;4110000;9411078226;S
20240117;100231;0.024955000;80000;9411078227;S
20240117;100231;0.024955000;4000000;9411078228;S
20240117;100231;0.024955000;100000;9411078229;S
20240117;100231;0.024955000;6000000;9411078230;S
20240117;100231;0.024955000;1000000;9411078231;S
20240117;100231;0.024955000;3780000;9411078232;S
20240117;100231;0.024955000;100000;9411078233;S
20240117;100231;0.024950000;1000000;9411078234;S
20240117;100231;0.024950000;10000;9411078235;S
20240117;100231;0.024950000;5000000;9411078236;S
20240117;100231;0.024950000;770000;9411078237;S
20240117;100231;0.024950000;5000000;9411078238;S
20240117;100231;0.024950000;20000;9411078239;S
20240117;100231;0.024950000;1000000;9411078240;S
20240117;100231;0.024950000;11030000;9411078241;S
20240117;100231;0.024950000;6000000;9411078242;S
20240117;100231;0.024950000;1000000;9411078243;S
20240117;100231;0.024950000;30000;9411078244;S
20240117;100231;0.024950000;12560000;9411078245;S
20240117;100231;0.024950000;200000;9411078246;S
20240117;100231;0.024950000;520000;9411078247;S
20240117;100231;0.024950000;12000000;9411078248;S
20240117;100231;0.024945000;30000;9411078249;S
20240117;100231;0.024945000;3490000;9411078250;S
20240117;100231;0.024950000;10000000;9411078251;S
20240117;100231;0.024950000;10000;9411078273;S
20240117;100231;0.024950000;1000000;9411078294;S
20240117;100231;0.024950000;6000000;9411078295;S
20240117;100231;0.024950000;11030000;9411078296;S
20240117;100231;0.024950000;3860000;9411078297;S
20240117;100231;0.024945000;26510000;9411078298;S
20240117;100231;0.024945000;40000;9411078299;S
20240117;100231;0.024945000;15000000;9411078300;S
20240117;100231;0.024945000;10000000;9411078301;S
20240117;100231;0.024945000;11030000;9411078302;S
20240117;100231;0.024945000;6000000;9411078303;S
20240117;100231;0.024945000;10000;9411078304;S
20240117;100231;0.024945000;10000;9411078305;S
20240117;100231;0.024945000;10000;9411078306;S
20240117;100231;0.024945000;35000000;9411078307;S
20240117;100231;0.024945000;1000000;9411078308;S
20240117;100231;0.024945000;100000;9411078309;S
20240117;100231;0.024945000;4000000;9411078310;S
20240117;100231;0.024940000;5960000;9411078311;S
20240117;100231;0.024940000;13440000;9411078312;S
20240117;100231;0.024945000;500000;9411078317;S
20240117;100231;0.024955000;10000;9411078382;B
20240117;100231;0.024950000;10000;9411078386;S
20240117;100231;0.024940000;90000;9411078387;S
20240117;100231;0.024945000;400000;9411078390;S
20240117;100232;0.024945000;10000;9411078478;S
20240117;100232;0.024955000;500000;9411078498;B
20240117;100232;0.024955000;10000;9411078541;B
20240117;100233;0.024950000;10000;9411078574;S
20240117;100233;0.024955000;480000;9411078653;B
20240117;100233;0.024955000;420000;9411078654;B
20240117;100233;0.024960000;1000000;9411078655;B
20240117;100233;0.024960000;100000;9411078656;B
20240117;100233;0.024955000;10000;9411078678;B
20240117;100234;0.024950000;10000;9411078831;S
20240117;100236;0.024955000;990000;9411079261;B
20240117;100236;0.024955000;210000;9411079262;B
20240117;100236;0.024955000;10000;9411079263;B
20240117;100236;0.024960000;8790000;9411079264;B
20240117;100237;0.024955000;30000;9411079392;B
20240117;100238;0.024955000;80000;9411079459;B
20240117;100238;0.024955000;20000;9411079460;B
20240117;100240;0.024955000;10000;9411079799;B
20240117;100241;0.024950000;90000;9411079834;S
20240117;100241;0.024950000;50000;9411079835;S
20240117;100241;0.024950000;200000;9411079836;S
20240117;100241;0.024950000;380000;9411079837;S
20240117;100241;0.024950000;100000;9411079838;S
20240117;100242;0.024955000;10000;9411080095;B
20240117;100243;0.024955000;400000;9411080164;B
20240117;100243;0.024955000;10000;9411080260;B
20240117;100243;0.024955000;10000;9411080262;B
20240117;100245;0.024955000;30000;9411080526;B
20240117;100246;0.024945000;600000;9411080691;S
20240117;100247;0.024955000;150000;9411080839;B
20240117;100248;0.024955000;10000;9411080926;B
20240117;100248;0.024955000;10000;9411080977;B
20240117;100253;0.024950000;1600000;9411081571;S
20240117;100254;0.024950000;20000;9411081699;S
20240117;100256;0.024955000;10000;9411082194;B
20240117;100258;0.024955000;10000;9411082375;B
20240117;100259;0.024950000;620000;9411082633;S
20240117;100301;0.024950000;100000;9411083018;S
20240117;100301;0.024945000;90000;9411083019;S
20240117;100302;0.024945000;110000;9411083028;S
20240117;100302;0.024945000;100000;9411083029;S
20240117;100302;0.024945000;10000;9411083030;S
20240117;100302;0.024940000;40000;9411083031;S
20240117;100302;0.024955000;1000000;9411083075;B
20240117;100303;0.024945000;10000;9411083208;S
20240117;100303;0.024945000;10000;9411083242;S
20240117;100303;0.024955000;100000;9411083325;B
20240117;100304;0.024955000;300000;9411083374;B
20240117;100305;0.024955000;110000;9411083581;B
20240117;100306;0.024955000;20000;9411083810;B
20240117;100307;0.024955000;680000;9411084120;B
20240117;100307;0.024955000;250000;9411084121;B
20240117;100307;0.024955000;300000;9411084122;B
20240117;100307;0.024955000;770000;9411084123;B
20240117;100308;0.024955000;10000;9411084358;B
20240117;100308;0.024955000;220000;9411084393;B
20240117;100308;0.024955000;280000;9411084394;B
20240117;100308;0.024950000;200000;9411084404;S
20240117;100308;0.024950000;100000;9411084405;S
20240117;100308;0.024945000;230000;9411084406;S
20240117;100310;0.024945000;2000000;9411084635;S
20240117;100310;0.024960000;200000;9411084675;B
20240117;100311;0.024960000;20000;9411084732;B
20240117;100312;0.024945000;20000;9411084865;S
20240117;100312;0.024955000;100000;9411084917;B
20240117;100313;0.024945000;4330000;9411084974;S
20240117;100313;0.024945000;10000;9411084975;S
20240117;100313;0.024945000;660000;9411084976;S
20240117;100314;0.024945000;30000;9411085073;S
20240117;100314;0.024955000;20000;9411085074;B
20240117;100316;0.024945000;70000;9411085537;S
20240117;100318;0.024950000;1000000;9411086027;B
20240117;100320;0.024950000;1000000;9411086239;B
20240117;100320;0.024950000;6670000;9411086240;B
20240117;100321;0.024955000;230000;9411086388;B
20240117;100321;0.024955000;10000;9411086413;B
20240117;100322;0.024955000;80000;9411086566;B
20240117;100323;0.024955000;70000;9411086684;B
20240117;100323;0.024955000;1000000;9411086685;B
20240117;100323;0.024955000;2650000;9411086686;B
20240117;100324;0.024955000;10000;9411086829;B
20240117;100325;0.024955000;10000;9411086876;B
20240117;100325;0.024955000;40000;9411086932;B
20240117;100328;0.024950000;20000;9411087314;S
20240117;100328;0.024950000;10000;9411087320;S
20240117;100328;0.024955000;200000;9411087334;B
20240117;100330;0.024955000;110000;9411087534;B
20240117;100331;0.024955000;80000;9411087711;B
20240117;100334;0.024950000;10000;9411088125;S
20240117;100334;0.024950000;1000000;9411088241;S
20240117;100335;0.024955000;10000;9411088412;B
20240117;100336;0.024955000;1000000;9411088624;B
20240117;100339;0.024955000;400000;9411089040;S
20240117;100341;0.024955000;530000;9411089262;S
20240117;100341;0.024960000;10000;9411089286;B
20240117;100341;0.024960000;20000;9411089287;B
20240117;100341;0.024970000;480000;9411089351;B
20240117;100342;0.024965000;10000;9411089541;S
20240117;100343;0.024960000;1000000;9411089748;S
20240117;100343;0.024960000;2500000;9411089749;S
20240117;100344;0.024970000;10000;9411089785;B
20240117;100348;0.024965000;500000;9411090242;S
20240117;100351;0.024960000;40000;9411090678;S
20240117;100351;0.024970000;5990000;9411090679;B
20240117;100351;0.024970000;16030000;9411090680;B
20240117;100351;0.024970000;10000;9411090681;B
20240117;100351;0.024970000;16020000;9411090709;B
20240117;100352;0.024970000;50000;9411091017;S
20240117;100352;0.024970000;20000;9411091159;S
20240117;100353;0.024975000;10000;9411091198;B
20240117;100354;0.024970000;30000;9411091380;S
20240117;100357;0.024970000;900000;9411091892;S
20240117;100357;0.024970000;840000;9411091893;S
20240117;100357;0.024965000;430000;9411091965;S
20240117;100358;0.024970000;6110000;9411092058;B
20240117;100359;0.024970000;30000;9411092195;B
20240117;100359;0.024970000;14180000;9411092281;B
20240117;100400;0.024970000;7940000;9411092404;B
20240117;100403;0.024975000;1000000;9411092905;B
20240117;100404;0.024970000;420000;9411092998;S
20240117;100404;0.024970000;20000;9411093117;S
20240117;100407;0.024975000;4990000;9411093622;B
20240117;100407;0.024975000;50000;9411093623;B
20240117;100407;0.024975000;60000;9411093624;B
20240117;100407;0.024975000;10000;9411093625;B
20240117;100407;0.024980000;6000000;9411093626;B
20240117;100407;0.024980000;80000;9411093627;B
20240117;100407;0.024980000;8810000;9411093628;B
20240117;100407;0.024975000;10000;9411093636;S
20240117;100408;0.024975000;10000;9411093693;S
20240117;100409;0.024980000;10000;9411093964;B
20240117;100410;0.024985000;5570000;9411094058;B
20240117;100410;0.024985000;220000;9411094059;B
20240117;100410;0.024985000;12010000;9411094060;B
20240117;100410;0.024985000;1000000;9411094061;B
20240117;100410;0.024985000;820000;9411094064;S
20240117;100410;0.024990000;10000;9411094076;B
20240117;100411;0.024990000;10000;9411094137;B
20240117;100411;0.024985000;10000;9411094152;S
20240117;100411;0.024990000;40000;9411094163;B
20240117;100411;0.024990000;5000000;9411094167;B
20240117;100411;0.024990000;5000000;9411094202;B
20240117;100411;0.024990000;30000;9411094210;B
20240117;100411;0.024990000;5000000;9411094225;B
20240117;100411;0.024990000;1600000;9411094238;B
20240117;100411;0.024990000;400000;9411094239;B
20240117;100411;0.024990000;2100000;9411094270;B
20240117;100411;0.024990000;2900000;9411094271;B
20240117;100413;0.024990000;10000;9411094448;B
20240117;100414;0.024990000;30000;9411094576;B
20240117;100415;0.024985000;10000;9411094689;S
20240117;100415;0.024990000;200000;9411094690;B
20240117;100415;0.024990000;30000;9411094771;B
20240117;100416;0.024990000;10000;9411094834;B
20240117;100416;0.024990000;40000;9411094841;B
20240117;100416;0.024990000;140000;9411094891;B
20240117;100418;0.024990000;5000000;9411095072;B
20240117;100418;0.024985000;60000;9411095134;S
20240117;100418;0.024990000;10000;9411095225;B
20240117;100419;0.024990000;30000;9411095282;B
20240117;100419;0.024985000;20000000;9411095319;S
20240117;100420;0.024990000;100000;9411095372;B
20240117;100420;0.024990000;860000;9411095496;B
20240117;100420;0.024990000;10000;9411095497;B
20240117;100420;0.024995000;6000000;9411095498;B
20240117;100420;0.024995000;3160000;9411095499;B
20240117;100421;0.024990000;260000;9411095637;S
20240117;100421;0.024995000;10000;9411095667;B
20240117;100422;0.024995000;300000;9411095745;B
20240117;100423;0.024985000;1000000;9411095976;S
20240117;100423;0.024995000;6530000;9411096103;B
20240117;100423;0.024995000;100000;9411096104;B
20240117;100423;0.024995000;12010000;9411096105;B
20240117;100423;0.024995000;6000000;9411096106;B
20240117;100423;0.024995000;250000;9411096107;B
20240117;100423;0.025000000;6000000;9411096108;B
20240117;100423;0.025000000;11030000;9411096109;B
20240117;100423;0.025000000;50000000;9411096110;B
20240117;100423;0.025000000;8080000;9411096111;B
20240117;100424;0.024995000;100000;9411096137;S
20240117;100424;0.024995000;50000;9411096229;B
20240117;100424;0.024995000;50000;9411096248;B
20240117;100425;0.024995000;11910000;9411096317;B
20240117;100425;0.024995000;10000;9411096318;B
20240117;100425;0.025000000;40000;9411096325;B
20240117;100425;0.025000000;1880000;9411096385;B
20240117;100425;0.025000000;3120000;9411096386;B
20240117;100425;0.025000000;10000;9411096503;B
20240117;100425;0.024995000;1000000;9411096504;B
20240117;100426;0.024995000;50000;9411096543;B
20240117;100426;0.024995000;50000;9411096563;B
20240117;100426;0.024995000;10000000;9411096613;B
20240117;100427;0.025000000;50000;9411096673;B
20240117;100428;0.024995000;410000;9411096858;S
20240117;100428;0.025000000;12830000;9411096878;B
20240117;100428;0.025000000;10000;9411096879;B
20240117;100428;0.025000000;45340000;9411096880;B
20240117;100429;0.024995000;590000;9411096918;S
20240117;100429;0.024995000;410000;9411096919;S
20240117;100429;0.025000000;1200000;9411097004;B
20240117;100429;0.025000000;1000000;9411097038;B
20240117;100430;0.025000000;12040000;9411097069;B
20240117;100430;0.025000000;10000000;9411097070;B
20240117;100430;0.025000000;5720000;9411097071;B
20240117;100431;0.025000000;2730000;9411097298;B
20240117;100431;0.025000000;20380000;9411097322;B
20240117;100432;0.024995000;60000;9411097325;S
20240117;100432;0.025000000;5000000;9411097345;B
20240117;100433;0.025000000;10000000;9411097546;B
20240117;100434;0.025000000;50000;9411097703;B
20240117;100434;0.025000000;10000;9411097721;B
20240117;100434;0.025000000;1040000;9411097749;B
20240117;100434;0.025000000;10000;9411097806;B
20240117;100435;0.025000000;190000;9411097846;B
20240117;100436;0.025000000;200000;9411098036;B
20240117;100436;0.025000000;30000;9411098076;B
20240117;100437;0.025000000;780000;9411098132;B
20240117;100437;0.025000000;10000000;9411098133;B
20240117;100437;0.025000000;9220000;9411098134;B
20240117;100438;0.025000000;2000000;9411098254;B
20240117;100440;0.025000000;8840000;9411098678;B
20240117;100440;0.025000000;2000000;9411098736;B
20240117;100440;0.025000000;10000000;9411098755;B
20240117;100442;0.024995000;40000;9411099108;S
20240117;100443;0.025000000;1210000;9411099245;B
20240117;100444;0.025000000;30000;9411099339;B
20240117;100444;0.025000000;20000;9411099379;B
20240117;100444;0.025000000;50000;9411099390;B
20240117;100444;0.025000000;30000;9411099457;B
20240117;100446;0.025000000;10000;9411099577;B
20240117;100446;0.025000000;50000;9411099590;B
20240117;100446;0.025000000;380000;9411099598;B
20240117;100446;0.024995000;10000;9411099698;S
20240117;100447;0.024995000;140000;9411099794;S
20240117;100447;0.024995000;50000;9411099795;S
20240117;100447;0.024995000;10000;9411099796;S
20240117;100448;0.024995000;10000;9411100048;B
20240117;100448;0.024995000;20000;9411100071;B
20240117;100448;0.024995000;10000;9411100112;B
20240117;100448;0.024995000;600000;9411100133;B
20240117;100450;0.024995000;10000;9411100466;B
20240117;100452;0.024990000;1000000;9411100753;S
20240117;100452;0.024990000;3010000;9411100795;S
20240117;100452;0.024990000;1000000;9411100796;S
20240117;100452;0.024990000;50000;9411100797;S
20240117;100452;0.024990000;320000;9411100798;S
20240117;100452;0.024990000;50000;9411100799;S
20240117;100452;0.024990000;950000;9411100800;S
20240117;100452;0.024985000;1000000;9411100801;S
20240117;100452;0.024985000;10000;9411100802;S
20240117;100452;0.024985000;30000;9411100803;S
20240117;100452;0.024985000;13580000;9411100804;S
20240117;100452;0.024990000;60000;9411100807;B
20240117;100453;0.024985000;10000;9411101015;S
20240117;100454;0.024990000;500000;9411101052;B
20240117;100457;0.024990000;11450000;9411101723;B
20240117;100457;0.024995000;18550000;9411101724;B
20240117;100457;0.024995000;10000;9411101841;B
20240117;100458;0.024995000;10000;9411101956;B
20240117;100500;0.024990000;130000;9411102259;S
20240117;100500;0.024995000;10580000;9411102298;B
20240117;100500;0.024995000;12010000;9411102299;B
20240117;100500;0.024995000;970000;9411102300;B
20240117;100500;0.024995000;7690000;9411102301;B
20240117;100500;0.024995000;1000000;9411102302;B
20240117;100500;0.025000000;2750000;9411102303;B
20240117;100501;0.024995000;10000;9411102523;B
20240117;100501;0.024990000;10000;9411102611;S
20240117;100503;0.024995000;1000000;9411102898;B
20240117;100504;0.024995000;920000;9411103041;B
20240117;100504;0.025000000;9080000;9411103042;B
20240117;100505;0.025000000;10000000;9411103109;B
20240117;100505;0.024995000;10000;9411103140;S
20240117;100505;0.025000000;3550000;9411103205;B
20240117;100505;0.025000000;6450000;9411103206;B
20240117;100506;0.024995000;10000;9411103212;S
20240117;100507;0.025000000;600000;9411103498;B
20240117;100509;0.024995000;2150000;9411103920;S
20240117;100509;0.024995000;1000000;9411103921;S
20240117;100509;0.024995000;960000;9411103922;S
20240117;100509;0.024995000;1590000;9411103923;S
20240117;100509;0.024995000;410000;9411103931;S
20240117;100509;0.024995000;50000;9411103932;S
20240117;100509;0.024995000;1000000;9411103933;S
20240117;100509;0.024995000;2840000;9411103934;S
20240117;100510;0.025000000;10000;9411104005;B
20240117;100512;0.024995000;20000;9411104302;S
20240117;100514;0.025000000;50000;9411104528;B
20240117;100515;0.025000000;50000;9411104633;B
20240117;100518;0.025000000;1980000;9411105061;B
20240117;100518;0.025000000;50000;9411105079;B
20240117;100519;0.024995000;3450000;9411105146;S
20240117;100520;0.025000000;10000;9411105426;B
20240117;100520;0.025000000;60000;9411105432;B
20240117;100520;0.024995000;30000;9411105456;S
20240117;100521;0.025000000;10000;9411105543;B
20240117;100521;0.025000000;10000;9411105571;B
20240117;100522;0.025000000;720000;9411105738;B
20240117;100522;0.025000000;10000;9411105739;B
20240117;100522;0.025000000;480000;9411105740;B
20240117;100522;0.025000000;2790000;9411105741;B
20240117;100523;0.025000000;2710000;9411106019;B
20240117;100523;0.025000000;2290000;9411106020;B
20240117;100525;0.025000000;100000;9411106198;B
20240117;100525;0.025000000;200000;9411106322;B
20240117;100526;0.025000000;30000;9411106489;B
20240117;100529;0.024995000;1400000;9411106788;S
20240117;100529;0.025000000;590000;9411106792;B
20240117;100530;0.025000000;1000000;9411106933;B
20240117;100530;0.024995000;10000;9411106984;S
20240117;100531;0.025000000;150000000;9411107098;B
20240117;100531;0.025000000;60000;9411107116;B
20240117;100531;0.025000000;100000;9411107171;B
20240117;100531;0.025000000;20000;9411107182;B
20240117;100534;0.024995000;5970000;9411107863;S
20240117;100534;0.024995000;1000000;9411107864;S
20240117;100534;0.024995000;600000;9411107865;S
20240117;100534;0.024995000;100000;9411107866;S
20240117;100534;0.024995000;930000;9411107867;S
20240117;100534;0.024990000;3870000;9411107868;S
20240117;100534;0.024990000;3170000;9411107869;S
20240117;100537;0.025000000;10000000;9411108284;B
20240117;100539;0.024995000;1000000;9411108553;S
20240117;100539;0.024995000;4010000;9411108554;S
20240117;100539;0.024995000;6860000;9411108555;S
20240117;100539;0.024995000;920000;9411108556;S
20240117;100539;0.024990000;5910000;9411108557;S
20240117;100539;0.025000000;5000000;9411108564;B
20240117;100540;0.025000000;500000;9411108688;B
20240117;100540;0.024990000;2000000;9411108760;S
20240117;100541;0.025000000;10000;9411108827;B
20240117;100542;0.025000000;100000;9411109004;B
20240117;100542;0.025000000;30000;9411109005;B
20240117;100542;0.025000000;900000;9411109006;B
20240117;100542;0.025000000;1470000;9411109007;B
20240117;100544;0.024990000;10000;9411109286;S
20240117;100545;0.024990000;250000;9411109399;S
20240117;100550;0.024995000;290000;9411110144;B
20240117;100550;0.024995000;40000;9411110196;B
20240117;100550;0.024995000;1220000;9411110205;B
20240117;100552;0.024995000;10000;9411110336;B
20240117;100552;0.024995000;480000;9411110429;B
20240117;100555;0.024995000;2300000;9411110889;B
20240117;100556;0.024990000;8660000;9411111079;S
20240117;100556;0.024990000;1000000;9411111080;S
20240117;100556;0.024985000;340000;9411111081;S
20240117;100556;0.024985000;40000;9411111087;S
20240117;100557;0.024985000;36030000;9411111282;S
20240117;100557;0.024985000;50000;9411111283;S
20240117;100557;0.024985000;100000;9411111333;S
20240117;100558;0.024985000;5660000;9411111410;S
20240117;100559;0.024990000;30000;9411111669;B
20240117;100600;0.024990000;10000;9411111712;B
20240117;100602;0.024985000;1420000;9411112014;S
20240117;100602;0.024985000;20000;9411112034;S
20240117;100602;0.024985000;40000;9411112060;S
20240117;100604;0.024990000;60000;9411112291;B
20240117;100604;0.024990000;10000;9411112377;B
20240117;100605;0.024985000;10000;9411112513;S
20240117;100605;0.024990000;130000;9411112580;B
20240117;100605;0.024990000;4010000;9411112581;B
20240117;100605;0.024990000;860000;9411112582;B
20240117;100609;0.024985000;10000;9411113047;S
20240117;100609;0.024985000;170000;9411113067;S
20240117;100609;0.024990000;890000;9411113092;B
20240117;100609;0.024990000;4010000;9411113093;B
20240117;100609;0.024990000;100000;9411113094;B
20240117;100609;0.024990000;30000;9411113100;B
20240117;100611;0.024985000;30000;9411113254;S
20240117;100611;0.024990000;2000000;9411113319;B
20240117;100612;0.024990000;70000;9411113478;B
20240117;100613;0.024990000;180000;9411113513;B
20240117;100614;0.024990000;100000;9411113695;B
20240117;100616;0.024990000;960000;9411114004;B
20240117;100616;0.024995000;6000000;9411114005;B
20240117;100616;0.024995000;890000;9411114006;B
20240117;100616;0.024995000;10450000;9411114007;B
20240117;100617;0.025000000;4000000;9411114180;B
20240117;100619;0.024990000;30000;9411114295;S
20240117;100619;0.025000000;1400000;9411114341;B
20240117;100619;0.025000000;50000;9411114347;B
20240117;100622;0.025000000;250000;9411114803;B
20240117;100623;0.025000000;20000;9411114853;B
20240117;100624;0.025000000;10000;9411115001;B
20240117;100624;0.025000000;1000000;9411115036;B
20240117;100625;0.025000000;10000;9411115203;B
20240117;100625;0.025000000;3260000;9411115217;B
20240117;100625;0.025000000;100000;9411115218;B
20240117;100625;0.025000000;6640000;9411115219;B
20240117;100626;0.024990000;50000;9411115565;S
20240117;100628;0.025000000;60000;9411115868;B
20240117;100634;0.024990000;10000;9411116579;S
20240117;100634;0.024990000;10000;9411116580;S
20240117;100638;0.025000000;2800000;9411117154;B
20240117;100638;0.025000000;1200000;9411117155;B
20240117;100638;0.024985000;110000;9411117221;S
20240117;100638;0.024985000;200000;9411117222;S
20240117;100638;0.024985000;6000000;9411117223;S
20240117;100638;0.024985000;10000;9411117224;S
20240117;100638;0.024985000;3680000;9411117225;S
20240117;100641;0.025000000;8800000;9411117704;B
20240117;100641;0.025000000;1000000;9411117705;B
20240117;100641;0.025000000;200000;9411117706;B
20240117;100641;0.025000000;40000;9411117715;B
20240117;100644;0.025000000;10000;9411118081;B
20240117;100646;0.025000000;140000;9411118440;B
20240117;100647;0.025000000;170000;9411118502;B
20240117;100648;0.025000000;50000;9411118623;B
20240117;100650;0.025000000;3000000;9411118804;B
20240117;100652;0.025000000;320000;9411119049;B
20240117;100652;0.025000000;10000;9411119102;B
20240117;100655;0.025000000;160000;9411119486;B
20240117;100655;0.025000000;2000000;9411119568;B
20240117;100657;0.025000000;10000;9411119925;B
20240117;100700;0.024990000;820000;9411120421;B
20240117;100700;0.024985000;530000;9411120492;S
20240117;100700;0.024995000;10000;9411120517;B
20240117;100709;0.024990000;10000;9411121700;S
20240117;100709;0.024985000;140000;9411121701;S
20240117;100710;0.024995000;440000;9411121864;B
20240117;100715;0.024995000;10000;9411122443;B
20240117;100720;0.024995000;290000;9411123111;B
20240117;100720;0.025000000;110000;9411123117;B
20240117;100720;0.024995000;520000;9411123155;S
20240117;100721;0.024995000;20000;9411123285;S
20240117;100721;0.025000000;4020000;9411123311;B
20240117;100721;0.025000000;100000;9411123312;B
20240117;100721;0.025000000;340000;9411123313;B
20240117;100721;0.025000000;4460000;9411123314;B
20240117;100721;0.025000000;4460000;9411123315;B
20240117;100721;0.025000000;4460000;9411123316;B
20240117;100721;0.025000000;10000000;9411123317;B
20240117;100721;0.025000000;10000000;9411123318;B
20240117;100721;0.025000000;10000000;9411123319;B
20240117;100721;0.025000000;10000000;9411123320;B
20240117;100721;0.025000000;10000000;9411123321;B
20240117;100721;0.025000000;10000000;9411123322;B
20240117;100721;0.025000000;10000000;9411123323;B
20240117;100721;0.025000000;10000000;9411123324;B
20240117;100721;0.025000000;10000000;9411123325;B
20240117;100721;0.025000000;5540000;9411123326;B
20240117;100721;0.025000000;4860000;9411123327;B
20240117;100721;0.025000000;5540000;9411123328;B
20240117;100721;0.025000000;1080000;9411123329;B
20240117;100721;0.025000000;1080000;9411123330;B
20240117;100721;0.025000000;6620000;9411123331;B
20240117;100721;0.025000000;6620000;9411123332;B
20240117;100721;0.025000000;6620000;9411123333;B
20240117;100721;0.025000000;6620000;9411123334;B
20240117;100721;0.025000000;6620000;9411123335;B
20240117;100721;0.025000000;5420000;9411123336;B
20240117;100721;0.025005000;20000;9411123337;B
20240117;100721;0.025005000;260000;9411123338;B
20240117;100722;0.025010000;10000;9411123404;B
20240117;100722;0.025010000;1890000;9411123405;B
20240117;100723;0.025005000;530000;9411123489;S
20240117;100725;0.025005000;100000;9411123701;S
20240117;100725;0.025010000;10000;9411123715;B
20240117;100726;0.025005000;100000;9411123827;S
20240117;100727;0.025010000;750000;9411123961;B
20240117;100727;0.025005000;10000;9411124052;S
20240117;100727;0.025005000;10000;9411124061;S
20240117;100728;0.025010000;30000;9411124171;B
20240117;100728;0.025005000;1300000;9411124217;S
20240117;100729;0.025010000;10000000;9411124245;B
20240117;100732;0.025010000;5000000;9411124779;B
20240117;100732;0.025010000;20000;9411124869;B
20240117;100732;0.025010000;10000;9411124907;B
20240117;100733;0.025005000;90000;9411125099;S
20240117;100734;0.025010000;10000;9411125114;B
20240117;100736;0.025010000;10000;9411125462;B
20240117;100739;0.025010000;60000;9411125847;B
20240117;100739;0.025005000;7860000;9411125916;S
20240117;100739;0.025005000;820000;9411125917;S
20240117;100739;0.025000000;4010000;9411125918;S
20240117;100739;0.025000000;8650000;9411125919;S
20240117;100739;0.025000000;100000;9411125920;S
20240117;100739;0.025000000;500000;9411125921;S
20240117;100739;0.024995000;28060000;9411125922;S
20240117;100740;0.025005000;180000;9411126067;S
20240117;100742;0.025005000;40000;9411126259;S
20240117;100742;0.025010000;2050000;9411126270;B
20240117;100742;0.025010000;900000;9411126294;B
20240117;100742;0.025010000;5000000;9411126304;B
20240117;100744;0.025010000;50000;9411126462;B
20240117;100744;0.025010000;280000;9411126467;B
20240117;100744;0.025010000;10000;9411126582;B
20240117;100745;0.025005000;10000;9411126651;S
20240117;100745;0.025010000;50000;9411126668;B
20240117;100745;0.025010000;10000;9411126693;B
20240117;100745;0.025010000;100000;9411126701;B
20240117;100746;0.025005000;370000;9411126782;S
20240117;100746;0.025005000;830000;9411126783;S
20240117;100746;0.025000000;20000;9411126784;S
20240117;100747;0.025010000;50000;9411127066;B
20240117;100747;0.025010000;300000;9411127078;B
20240117;100748;0.025005000;10000;9411127104;S
20240117;100748;0.025005000;20000;9411127180;B
20240117;100748;0.025010000;30000;9411127181;B
20240117;100749;0.025010000;100000;9411127303;B
20240117;100750;0.025010000;40000;9411127339;B
20240117;100752;0.025010000;10000;9411127639;B
20240117;100752;0.025010000;100000;9411127701;B
20240117;100753;0.025010000;7300000;9411127774;B
20240117;100754;0.025005000;10000;9411127896;S
20240117;100754;0.025010000;290000;9411127993;B
20240117;100755;0.025010000;6060000;9411128053;B
20240117;100755;0.025010000;300000;9411128101;B
20240117;100757;0.025010000;110000;9411128438;B
20240117;100758;0.025010000;1900000;9411128503;B
20240117;100759;0.025005000;30000;9411128739;S
20240117;100759;0.025005000;60000;9411128753;S
20240117;100759;0.025005000;120000;9411128754;S
20240117;100800;0.025010000;440000;9411128910;B
20240117;100802;0.025010000;250000;9411129215;B
20240117;100803;0.025010000;400000;9411129466;B
20240117;100805;0.025010000;500000;9411129752;B
20240117;100805;0.025010000;40000;9411129765;B
20240117;100806;0.025010000;30840000;9411129829;B
20240117;100806;0.025010000;100000;9411129830;B
20240117;100806;0.025010000;10000;9411129831;B
20240117;100806;0.025010000;50000;9411129832;B
20240117;100808;0.025005000;150000;9411130105;S
20240117;100809;0.025005000;230000;9411130164;S
20240117;100809;0.025010000;6590000;9411130165;B
20240117;100810;0.025010000;10000;9411130442;B
20240117;100811;0.025010000;15990000;9411130569;B
20240117;100812;0.025010000;200000;9411130844;B
20240117;100813;0.025005000;500000;9411130894;S
20240117;100813;0.025005000;20000;9411130895;S
20240117;100813;0.025010000;10000;9411130939;B
20240117;100814;0.025010000;190000;9411131044;B
20240117;100816;0.025005000;10000;9411131238;S
20240117;100819;0.025010000;390000;9411131677;B
20240117;100820;0.025005000;10000000;9411131796;S
20240117;100822;0.025010000;60000;9411132086;B
20240117;100822;0.025010000;500000;9411132116;B
20240117;100822;0.025010000;80000;9411132123;B
20240117;100824;0.025010000;10000;9411132410;B
20240117;100824;0.025005000;2410000;9411132415;S
20240117;100828;0.025010000;670000;9411132933;B
20240117;100828;0.025010000;2330000;9411132934;B
20240117;100828;0.025010000;400000;9411132949;B
20240117;100834;0.025010000;320000;9411133714;B
20240117;100834;0.025010000;7540000;9411133715;B
20240117;100835;0.025010000;70000;9411133935;B
20240117;100836;0.025005000;30000;9411134086;S
20240117;100837;0.025005000;1000000;9411134166;S
20240117;100838;0.025010000;100000;9411134245;B
20240117;100838;0.025010000;50000;9411134291;B
20240117;100840;0.025010000;10000000;9411134475;B
20240117;100840;0.025010000;30000;9411134545;B
20240117;100841;0.025010000;400000;9411134574;B
20240117;100841;0.025005000;10000;9411134604;S
20240117;100841;0.025010000;10000;9411134645;B
20240117;100842;0.025010000;10000;9411134690;B
20240117;100842;0.025010000;10000;9411134765;B
20240117;100844;0.025005000;20000;9411134964;S
20240117;100844;0.025010000;10000;9411135007;B
20240117;100845;0.025010000;400000;9411135100;B
20240117;100848;0.025010000;200000;9411135496;B
20240117;100849;0.025010000;40000;9411135534;B
20240117;100851;0.025010000;50000;9411135740;B
20240117;100851;0.025005000;80000;9411135742;S
20240117;100851;0.025010000;200000;9411135743;B
20240117;100853;0.025010000;10000;9411136002;B
20240117;100854;0.025005000;5540000;9411136072;S
20240117;100854;0.025005000;30000;9411136073;S
20240117;100854;0.025005000;60000;9411136074;S
20240117;100854;0.025005000;30000;9411136075;S
20240117;100854;0.025005000;60000;9411136076;S
20240117;100854;0.025005000;10000;9411136077;S
20240117;100854;0.025005000;10000;9411136078;S
20240117;100854;0.025005000;10000;9411136079;S
20240117;100854;0.025005000;40000;9411136080;S
20240117;100854;0.025005000;40000;9411136081;S
20240117;100854;0.025005000;40000;9411136082;S
20240117;100854;0.025005000;30000;9411136083;S
20240117;100854;0.025005000;10000;9411136084;S
20240117;100854;0.025005000;170000;9411136085;S
20240117;100854;0.025005000;40000;9411136086;S
20240117;100854;0.025005000;150000;9411136087;S
20240117;100854;0.025005000;240000;9411136088;S
20240117;100854;0.025005000;3030000;9411136089;S
20240117;100854;0.025005000;460000;9411136090;S
20240117;100854;0.025010000;10000;9411136203;B
20240117;100856;0.025005000;300000;9411136426;S
20240117;100900;0.025010000;500000;9411136754;B
20240117;100901;0.025010000;20000000;9411137030;B
20240117;100904;0.025010000;100000;9411137374;B
20240117;100904;0.025010000;540000;9411137416;B
20240117;100908;0.025005000;120000;9411138006;S
20240117;100909;0.025010000;60000;9411138065;B
20240117;100909;0.025010000;3990000;9411138078;B
20240117;100910;0.025010000;19920000;9411138170;B
20240117;100910;0.025010000;10000;9411138171;B
20240117;100910;0.025010000;60000;9411138172;B
20240117;100910;0.025010000;10000;9411138173;B
20240117;100911;0.025005000;40000;9411138316;S
20240117;100912;0.025005000;880000;9411138550;S
20240117;100912;0.025005000;4010000;9411138551;S
20240117;100912;0.025000000;10000;9411138552;S
20240117;100912;0.025000000;200000;9411138553;S
20240117;100912;0.025000000;100000;9411138554;S
20240117;100912;0.025000000;10000;9411138555;S
20240117;100912;0.025000000;10000000;9411138556;S
20240117;100912;0.025000000;10000;9411138557;S
20240117;100912;0.025000000;14000000;9411138558;S
20240117;100912;0.025000000;1000000;9411138559;S
20240117;100912;0.025000000;6000000;9411138560;S
20240117;100912;0.025000000;10000000;9411138561;S
20240117;100912;0.025000000;830000;9411138562;S
20240117;100912;0.024995000;21110000;9411138563;S
20240117;100912;0.024995000;6000000;9411138564;S
20240117;100912;0.024995000;10000;9411138565;S
20240117;100912;0.024995000;10000000;9411138566;S
20240117;100912;0.024995000;4000000;9411138567;S
20240117;100912;0.024995000;11830000;9411138568;S
20240117;100912;0.025000000;600000;9411138569;S
20240117;100912;0.025000000;1000000;9411138570;S
20240117;100914;0.025000000;40000;9411138799;B
20240117;100916;0.025000000;30000;9411139015;B
20240117;100917;0.024995000;10000;9411139182;S
20240117;100918;0.025000000;10000;9411139244;B
20240117;100921;0.025000000;920000;9411139559;B
20240117;100921;0.025000000;870000;9411139560;B
20240117;100921;0.025000000;2710000;9411139561;B
20240117;100922;0.025000000;10000;9411139717;B
20240117;100923;0.025005000;570000;9411139816;B
20240117;100923;0.025005000;90000;9411139820;B
20240117;100925;0.025005000;40000;9411139972;B
20240117;100926;0.025000000;10000;9411140093;S
20240117;100927;0.025000000;200000;9411140244;S
20240117;100927;0.025000000;30000;9411140260;S
20240117;100928;0.025000000;40000;9411140394;S
20240117;100929;0.025000000;70000;9411140457;S
20240117;100929;0.025005000;280000;9411140466;B
20240117;100930;0.025005000;10000;9411140525;B
20240117;100930;0.025000000;4650000;9411140529;S
20240117;100930;0.025000000;100000;9411140530;S
20240117;100930;0.024995000;5250000;9411140531;S
20240117;100930;0.025005000;10000;9411140661;B
20240117;100930;0.025005000;10000;9411140662;B
20240117;100930;0.025005000;30000;9411140663;B
20240117;100931;0.024995000;30000;9411140736;S
20240117;100933;0.025000000;10000;9411141114;B
20240117;100935;0.025000000;10000;9411141292;B
20240117;100935;0.025000000;1000000;9411141363;B
20240117;100938;0.024995000;100000;9411141711;S
20240117;100940;0.025000000;20000;9411141927;B
20240117;100947;0.025000000;7870000;9411142657;B
20240117;100947;0.025000000;1000000;9411142658;B
20240117;100947;0.025000000;130000;9411142659;B
20240117;100947;0.024995000;560000;9411142727;S
20240117;100950;0.024995000;500000;9411143138;S
20240117;100954;0.025000000;10000;9411143465;B
20240117;100954;0.025000000;10000;9411143514;B
20240117;100956;0.024995000;10000000;9411143872;S
20240117;100957;0.025000000;10000;9411143995;B
20240117;100959;0.025000000;30000;9411144234;B
20240117;101000;0.025000000;10000;9411144393;B
20240117;101002;0.024995000;2000000;9411144681;S
20240117;101002;0.024995000;5000000;9411144684;S
20240117;101002;0.024995000;14720000;9411144729;S
20240117;101002;0.024995000;240000;9411144730;S
20240117;101002;0.024995000;270000;9411144731;S
20240117;101002;0.024995000;10000;9411144732;S
20240117;101002;0.024995000;2000000;9411144733;S
20240117;101002;0.024995000;10000;9411144734;S
20240117;101002;0.024990000;440000;9411144735;S
20240117;101002;0.024990000;10000;9411144736;S
20240117;101002;0.024990000;200000;9411144737;S
20240117;101002;0.024990000;200000;9411144738;S
20240117;101003;0.024990000;880000;9411144838;B
20240117;101003;0.024990000;4120000;9411144839;B
20240117;101003;0.024990000;100000;9411144842;B
20240117;101004;0.024985000;1330000;9411144905;S
20240117;101004;0.024985000;10000;9411144906;S
20240117;101004;0.024985000;1000000;9411144907;S
20240117;101004;0.024985000;10000;9411144908;S
20240117;101004;0.024980000;30000;9411144909;S
20240117;101004;0.024980000;660000;9411144910;S
20240117;101004;0.024985000;1000000;9411144961;S
20240117;101004;0.024980000;1000000;9411144962;S
20240117;101009;0.024985000;10000;9411145388;B
20240117;101010;0.024985000;500000;9411145655;B
20240117;101011;0.024985000;10000;9411145815;B
20240117;101014;0.024985000;20000;9411146178;B
20240117;101015;0.024980000;10000;9411146259;S
20240117;101015;0.024985000;10000;9411146352;B
20240117;101016;0.024980000;30000;9411146383;S
20240117;101016;0.024980000;4000000;9411146477;S
20240117;101017;0.024985000;10000000;9411146516;B
20240117;101017;0.024985000;10000;9411146557;B
20240117;101018;0.024980000;240000;9411146780;S
20240117;101019;0.024985000;10000;9411146912;B
20240117;101019;0.024985000;40000;9411146924;B
20240117;101019;0.024985000;990000;9411146930;B
20240117;101023;0.024985000;20000;9411147409;B
20240117;101026;0.024985000;250000;9411147721;B
20240117;101026;0.024980000;10000;9411147779;S
20240117;101028;0.024985000;50000;9411147948;B
20240117;101028;0.024980000;1500000;9411147988;S
20240117;101030;0.024985000;20000;9411148189;B
20240117;101031;0.024980000;10000;9411148209;S
20240117;101031;0.024980000;2540000;9411148249;S
20240117;101031;0.024980000;240000;9411148250;S
20240117;101031;0.024980000;10000;9411148251;S
20240117;101031;0.024980000;10000;9411148252;S
20240117;101031;0.024980000;10000;9411148253;S
20240117;101031;0.024980000;10000;9411148254;S
20240117;101031;0.024980000;1000000;9411148255;B
20240117;101031;0.024975000;100000;9411148256;B
20240117;101031;0.024975000;900000;9411148257;B
20240117;101031;0.024980000;860000;9411148258;B
20240117;101031;0.024980000;1000000;9411148259;B
20240117;101031;0.024980000;2140000;9411148260;B
20240117;101031;0.024975000;1000000;9411148261;B
20240117;101031;0.024980000;1000000;9411148262;B
20240117;101032;0.024985000;10000;9411148370;B
20240117;101034;0.024985000;40000;9411148496;B
20240117;101037;0.024985000;10000;9411148863;B
20240117;101037;0.024985000;10000;9411148886;B
20240117;101038;0.024980000;10000;9411148949;S
20240117;101040;0.024980000;90000;9411149174;S
20240117;101040;0.024980000;700000;9411149175;S
20240117;101040;0.024980000;2200000;9411149176;S
20240117;101040;0.024975000;1000000;9411149177;S
20240117;101040;0.024975000;850000;9411149178;S
20240117;101040;0.024970000;30000;9411149179;S
20240117;101040;0.024970000;10000;9411149180;S
20240117;101040;0.024970000;10000;9411149181;S
20240117;101040;0.024970000;20000;9411149182;S
20240117;101040;0.024970000;200000;9411149183;S
20240117;101040;0.024970000;820000;9411149184;S
20240117;101040;0.024970000;1000000;9411149185;S
20240117;101040;0.024970000;1000000;9411149186;S
20240117;101040;0.024970000;2070000;9411149187;S
20240117;101042;0.024975000;200000;9411149492;B
20240117;101043;0.024975000;80000;9411149550;B
20240117;101044;0.024970000;10000;9411149659;S
20240117;101046;0.024970000;100000;9411149864;S
20240117;101047;0.024970000;500000;9411149965;S
20240117;101055;0.024975000;10000;9411151086;B
20240117;101056;0.024970000;8350000;9411151258;S
20240117;101056;0.024970000;840000;9411151259;S
20240117;101056;0.024970000;810000;9411151260;S
20240117;101100;0.024970000;1500000;9411151661;S
20240117;101102;0.024975000;350000;9411151960;B
20240117;101103;0.024970000;250000;9411152057;S
20240117;101103;0.024975000;50000;9411152097;B
20240117;101105;0.024975000;10000;9411152310;B
20240117;101106;0.024975000;20000;9411152348;B
20240117;101107;0.024970000;80000;9411152439;S
20240117;101107;0.024970000;90000;9411152440;S
20240117;101107;0.024970000;30000;9411152566;S
20240117;101109;0.024975000;20000;9411153062;B
20240117;101110;0.024975000;7250000;9411153276;B
20240117;101110;0.024975000;10000;9411153277;B
20240117;101110;0.024975000;60000;9411153278;B
20240117;101110;0.024975000;70000;9411153279;B
20240117;101110;0.024975000;10000;9411153280;B
20240117;101110;0.024975000;1460000;9411153281;B
20240117;101110;0.024975000;40000;9411153282;B
20240117;101110;0.024975000;50000;9411153283;B
20240117;101110;0.024975000;30000;9411153284;B
20240117;101110;0.024975000;70000;9411153285;B
20240117;101110;0.024975000;330000;9411153286;B
20240117;101110;0.024975000;50000;9411153287;B
20240117;101110;0.024975000;60000;9411153288;B
20240117;101110;0.024975000;40000;9411153289;B
20240117;101110;0.024975000;10000;9411153290;B
20240117;101110;0.024975000;20000;9411153291;B
20240117;101110;0.024975000;230000;9411153292;B
20240117;101110;0.024980000;210000;9411153293;B
20240117;101111;0.024970000;10000;9411153561;S
20240117;101112;0.024975000;40000;9411153624;B
20240117;101113;0.024975000;10000;9411153860;B
20240117;101114;0.024965000;80000;9411153906;S
20240117;101116;0.024965000;150000;9411154141;S
20240117;101123;0.024965000;5770000;9411154926;S
20240117;101123;0.024965000;11030000;9411154927;S
20240117;101123;0.024965000;460000;9411154928;S
20240117;101123;0.024965000;30000;9411154929;S
20240117;101123;0.024965000;10000;9411154930;S
20240117;101123;0.024965000;1000000;9411154931;S
20240117;101123;0.024965000;500000;9411154932;S
20240117;101123;0.024965000;200000;9411154933;S
20240117;101123;0.024965000;830000;9411154934;S
20240117;101123;0.024965000;1300000;9411154935;B
20240117;101123;0.024965000;1000000;9411154936;B
20240117;101123;0.024965000;100000;9411154937;B
20240117;101123;0.024965000;100000;9411154938;B
20240117;101124;0.024960000;550000;9411155029;S
20240117;101125;0.024965000;40000;9411155214;B
20240117;101126;0.024960000;100000;9411155349;S
20240117;101126;0.024965000;100000;9411155420;B
20240117;101132;0.024965000;100000;9411155902;B
20240117;101132;0.024960000;100000;9411155938;S
20240117;101133;0.024965000;50000;9411156032;B
20240117;101134;0.024965000;130000;9411156079;B
20240117;101134;0.024965000;100000;9411156102;B
20240117;101135;0.024960000;10280000;9411156217;S
20240117;101135;0.024960000;60000;9411156218;S
20240117;101135;0.024960000;500000;9411156219;S
20240117;101135;0.024960000;10000;9411156220;S
20240117;101135;0.024960000;10000;9411156221;S
20240117;101135;0.024960000;10000;9411156222;S
20240117;101135;0.024960000;1000000;9411156223;S
20240117;101135;0.024960000;830000;9411156224;S
20240117;101135;0.024955000;1000000;9411156225;S
20240117;101135;0.024955000;4300000;9411156226;S
20240117;101136;0.024965000;100000;9411156301;B
20240117;101139;0.024960000;40000;9411156609;S
20240117;101140;0.024960000;3000000;9411156624;S
20240117;101140;0.024965000;100000;9411156706;B
20240117;101144;0.024965000;400000;9411157029;B
20240117;101146;0.024960000;7990000;9411157266;S
20240117;101146;0.024960000;5000000;9411157267;S
20240117;101146;0.024960000;830000;9411157268;S
20240117;101146;0.024960000;50000;9411157269;S
20240117;101147;0.024960000;90000;9411157355;B
20240117;101147;0.024960000;40000;9411157357;B
20240117;101148;0.024960000;30000;9411157505;B
20240117;101150;0.024960000;30000;9411157849;B
20240117;101151;0.024955000;1500000;9411158081;S
20240117;101152;0.024960000;10000;9411158137;B
20240117;101152;0.024960000;1000000;9411158188;B
20240117;101153;0.024955000;1110000;9411158350;S
20240117;101154;0.024960000;100000;9411158395;B
20240117;101154;0.024955000;3000000;9411158421;S
20240117;101154;0.024960000;400000;9411158452;B
20240117;101154;0.024955000;50000;9411158454;S
20240117;101154;0.024955000;100000;9411158465;S
20240117;101157;0.024960000;14430000;9411158855;B
20240117;101158;0.024965000;10000;9411158988;B
20240117;101205;0.024965000;300000;9411159744;B
20240117;101205;0.024965000;19930000;9411159867;B
20240117;101205;0.024965000;100000;9411159868;B
20240117;101205;0.024965000;20000000;9411159869;B
20240117;101205;0.024965000;1000000;9411159870;B
20240117;101205;0.024970000;1000000;9411159871;B
20240117;101205;0.024970000;10000;9411159872;B
20240117;101205;0.024970000;830000;9411159873;B
20240117;101205;0.024970000;7130000;9411159874;B
20240117;101206;0.024975000;30000;9411159896;B
20240117;101206;0.024975000;20000;9411159928;B
20240117;101206;0.024965000;10000;9411159995;S
20240117;101208;0.024965000;4370000;9411160216;S
20240117;101208;0.024965000;630000;9411160217;S
20240117;101212;0.024965000;690000;9411160646;S
20240117;101217;0.024970000;90000;9411161281;S
20240117;101218;0.024975000;600000;9411161312;B
20240117;101218;0.024970000;20000;9411161435;S
20240117;101223;0.024975000;30000;9411162158;B
20240117;101223;0.024975000;30000;9411162183;B
20240117;101225;0.024975000;520000;9411162417;B
20240117;101227;0.024975000;10000;9411162562;B
20240117;101230;0.024970000;190000;9411162859;S
20240117;101230;0.024970000;10000;9411162860;S
20240117;101230;0.024970000;100000;9411162861;S
20240117;101230;0.024975000;710000;9411162930;B
20240117;101230;0.024975000;1000000;9411162931;B
20240117;101230;0.024975000;10000;9411162932;B
20240117;101230;0.024975000;790000;9411162933;B
20240117;101230;0.024975000;490000;9411162934;B
20240117;101230;0.024980000;20000;9411163031;B
20240117;101231;0.024980000;40000;9411163127;B
20240117;101232;0.024970000;100000;9411163239;S
20240117;101233;0.024980000;10000;9411163255;B
20240117;101234;0.024975000;660000;9411163403;B
20240117;101236;0.024975000;30000;9411163601;B
20240117;101237;0.024975000;500000;9411163687;B
20240117;101238;0.024970000;30000;9411163836;S
20240117;101239;0.024975000;470000;9411163966;B
20240117;101239;0.024975000;530000;9411163967;B
20240117;101240;0.024975000;50000;9411164166;B
20240117;101241;0.024980000;200000;9411164331;B
20240117;101243;0.024980000;20000;9411164583;B
20240117;101245;0.024980000;20000;9411164929;B
20240117;101245;0.024980000;10000;9411164945;B
20240117;101245;0.024970000;150000;9411164983;S
20240117;101248;0.024970000;400000;9411165297;S
20240117;101248;0.024980000;10000;9411165388;B
20240117;101251;0.024980000;10000;9411165788;B
20240117;101251;0.024980000;10000;9411165791;B
20240117;101252;0.024970000;100000;9411165965;S
20240117;101253;0.024970000;120000;9411166069;S
20240117;101253;0.024970000;800000;9411166070;S
20240117;101253;0.024970000;500000;9411166071;S
20240117;101253;0.024970000;5000000;9411166072;S
20240117;101253;0.024970000;10000;9411166073;S
20240117;101253;0.024970000;1000000;9411166074;S
20240117;101253;0.024970000;5000000;9411166075;S
20240117;101253;0.024965000;40000;9411166076;S
20240117;101253;0.024965000;110000;9411166077;S
20240117;101253;0.024965000;20000;9411166078;S
20240117;101253;0.024965000;1000000;9411166079;S
20240117;101253;0.024965000;2000000;9411166080;S
20240117;101253;0.024965000;300000;9411166081;S
20240117;101253;0.024965000;1640000;9411166082;S
20240117;101255;0.024980000;10000;9411166279;B
20240117;101255;0.024980000;20000;9411166317;B
20240117;101301;0.024980000;20000;9411166918;B
20240117;101302;0.024965000;20000;9411167045;S
20240117;101311;0.024980000;10000;9411167921;B
20240117;101311;0.024965000;50000;9411167958;S
20240117;101315;0.024970000;10000;9411168276;S
20240117;101316;0.024965000;280000;9411168456;S
20240117;101320;0.024965000;1800000;9411168892;S
20240117;101320;0.024980000;40000;9411168923;B
20240117;101320;0.024980000;10000;9411168938;B
20240117;101321;0.024965000;150000;9411168965;S
20240117;101321;0.024980000;200000;9411168980;B
20240117;101324;0.024980000;130000;9411169299;B
20240117;101324;0.024980000;10000;9411169300;B
20240117;101324;0.024980000;30000;9411169301;B
20240117;101324;0.024980000;100000;9411169302;B
20240117;101324;0.024980000;2200000;9411169303;B
20240117;101324;0.024980000;730000;9411169304;B
20240117;101324;0.024980000;1000000;9411169305;B
20240117;101324;0.024985000;1000000;9411169306;B
20240117;101324;0.024985000;6000000;9411169307;B
20240117;101324;0.024985000;20020000;9411169308;B
20240117;101324;0.024985000;30000;9411169309;B
20240117;101324;0.024985000;4000000;9411169310;B
20240117;101324;0.024985000;4750000;9411169311;B
20240117;101325;0.024975000;40000;9411169384;S
20240117;101325;0.024985000;10000;9411169387;B
20240117;101327;0.024990000;200000;9411169773;B
20240117;101328;0.024990000;20000;9411169827;B
20240117;101328;0.024990000;10000;9411169840;B
20240117;101328;0.024985000;10000;9411169857;S
20240117;101328;0.024980000;1000000;9411169858;S
20240117;101328;0.024980000;720000;9411169859;S
20240117;101328;0.024975000;960000;9411169860;S
20240117;101328;0.024975000;10000;9411169861;S
20240117;101328;0.024975000;4000000;9411169862;S
20240117;101328;0.024970000;1000000;9411169863;S
20240117;101328;0.024970000;990000;9411169864;S
20240117;101328;0.024990000;20000;9411169903;B
20240117;101330;0.024990000;150000;9411170061;B
20240117;101330;0.024980000;20000;9411170092;S
20240117;101333;0.024980000;30000;9411170544;S
20240117;101333;0.024980000;1000000;9411170545;S
20240117;101333;0.024980000;720000;9411170546;S
20240117;101333;0.024980000;50000;9411170547;S
20240117;101333;0.024975000;1000000;9411170548;S
20240117;101333;0.024975000;200000;9411170549;S
20240117;101335;0.024975000;10000;9411170810;S
20240117;101337;0.024975000;60000;9411171031;S
20240117;101338;0.024975000;600000;9411171112;S
20240117;101340;0.024990000;60000;9411171343;B
20240117;101343;0.024975000;300000;9411171708;S
20240117;101344;0.024990000;540000;9411171785;B
20240117;101344;0.024990000;10000;9411171786;B
20240117;101344;0.024990000;950000;9411171787;B
20240117;101344;0.024990000;60000;9411171815;B
20240117;101352;0.024980000;400000;9411172724;S
20240117;101352;0.024980000;710000;9411172725;S
20240117;101352;0.024975000;30000;9411172726;S
20240117;101352;0.024975000;10000;9411172727;S
20240117;101357;0.024985000;10000;9411173076;B
20240117;101357;0.024975000;10000;9411173101;S
20240117;101405;0.024985000;10000;9411173875;B
20240117;101406;0.024985000;10000;9411174189;B
20240117;101411;0.024985000;20000;9411174840;B
20240117;101412;0.024975000;120000;9411174890;S
20240117;101414;0.024985000;10000;9411175086;B
20240117;101414;0.024975000;20000;9411175113;S
20240117;101415;0.024985000;150000;9411175231;B
20240117;101418;0.024975000;40000;9411175570;S
20240117;101418;0.024975000;100000;9411175571;S
20240117;101418;0.024975000;160000;9411175572;S
20240117;101418;0.024975000;20000;9411175588;S
20240117;101418;0.024975000;820000;9411175635;S
20240117;101418;0.024975000;1000000;9411175636;S
20240117;101418;0.024975000;10000;9411175637;S
20240117;101418;0.024975000;170000;9411175638;S
20240117;101419;0.024985000;50000;9411175688;B
20240117;101421;0.024985000;10000;9411176057;B
20240117;101423;0.024975000;1000000;9411176197;S
20240117;101423;0.024975000;400000;9411176198;S
20240117;101423;0.024985000;10000;9411176225;B
20240117;101428;0.024985000;200000;9411176837;B
20240117;101431;0.024985000;10000;9411177138;B
20240117;101432;0.024985000;50000;9411177324;B
20240117;101433;0.024975000;20000;9411177335;S
20240117;101433;0.024985000;50000;9411177390;B
20240117;101434;0.024975000;120000;9411177580;S
20240117;101437;0.024985000;40000;9411177916;B
20240117;101437;0.024975000;20000;9411177931;S
20240117;101441;0.024985000;10000;9411178444;B
20240117;101442;0.024985000;10000;9411178508;B
20240117;101445;0.024985000;380000;9411178747;B
20240117;101445;0.024985000;2620000;9411178748;B
20240117;101446;0.024985000;30000;9411178941;B
20240117;101448;0.024985000;2000000;9411179193;B
20240117;101449;0.024970000;500000;9411179432;S
20240117;101449;0.024985000;500000;9411179475;B
20240117;101451;0.024970000;200000;9411179718;S
20240117;101453;0.024975000;10000;9411179925;B
20240117;101453;0.024980000;40000;9411179926;B
20240117;101453;0.024985000;20000;9411179941;B
20240117;101455;0.024975000;90000;9411180088;S
20240117;101459;0.024970000;10000;9411180517;S
20240117;101500;0.024985000;20000;9411180702;B
20240117;101501;0.024970000;10000;9411180854;S
20240117;101501;0.024970000;10000;9411180885;S
20240117;101501;0.024970000;10000;9411180893;S
20240117;101502;0.024970000;10000;9411180959;S
20240117;101503;0.024970000;900000;9411181217;S
20240117;101503;0.024985000;40000;9411181221;B
20240117;101503;0.024985000;10000;9411181361;B
20240117;101505;0.024975000;10000;9411181749;S
20240117;101505;0.024970000;1010000;9411181750;S
20240117;101507;0.024970000;60000;9411182209;S
20240117;101509;0.024970000;1320000;9411182520;S
20240117;101509;0.024970000;500000;9411182521;S
20240117;101509;0.024970000;1160000;9411182522;S
20240117;101512;0.024970000;20000;9411183164;S
20240117;101513;0.024970000;10000;9411183236;S
20240117;101513;0.024970000;10000;9411183386;S
20240117;101516;0.024970000;2500000;9411183923;S
20240117;101516;0.024985000;20000;9411183960;B
20240117;101517;0.024985000;200000;9411184153;B
20240117;101520;0.024985000;1200000;9411184717;B
20240117;101521;0.024970000;10000;9411184832;S
20240117;101521;0.024985000;60000;9411184963;B
20240117;101522;0.024970000;30000;9411185005;S
20240117;101522;0.024970000;10000;9411185148;S
20240117;101523;0.024985000;430000;9411185185;B
20240117;101524;0.024970000;30000;9411185432;S
20240117;101525;0.024970000;310000;9411185699;S
20240117;101525;0.024970000;190000;9411185700;S
20240117;101526;0.024970000;4000000;9411185841;S
20240117;101526;0.024980000;10000;9411185853;B
20240117;101529;0.024970000;50000;9411186377;S
20240117;101529;0.024970000;690000;9411186378;S
20240117;101529;0.024965000;3260000;9411186379;S
20240117;101531;0.024975000;500000;9411186554;B
20240117;101537;0.024965000;3830000;9411187807;S
20240117;101537;0.024965000;500000;9411187808;S
20240117;101537;0.024965000;670000;9411187809;S
20240117;101537;0.024970000;190000;9411187959;B
20240117;101540;0.024965000;30000;9411188230;S
20240117;101540;0.024965000;30000;9411188231;S
20240117;101543;0.024965000;170000;9411188708;S
20240117;101543;0.024965000;10000;9411188729;S
20240117;101544;0.024970000;10000;9411188786;B
20240117;101544;0.024970000;20000;9411188787;B
20240117;101545;0.024970000;10000;9411188996;B
20240117;101546;0.024970000;630000;9411189178;B
20240117;101546;0.024965000;1000000;9411189196;S
20240117;101547;0.024970000;50000;9411189296;B
20240117;101550;0.024965000;10000;9411189721;S
20240117;101551;0.024965000;70000;9411189774;S
20240117;101551;0.024965000;1000000;9411189885;S
20240117;101552;0.024970000;20000;9411189939;B
20240117;101552;0.024970000;5050000;9411190044;B
20240117;101552;0.024975000;500000;9411190045;B
20240117;101552;0.024975000;690000;9411190046;B
20240117;101552;0.024975000;4350000;9411190047;B
20240117;101554;0.024975000;10000;9411190385;B
20240117;101554;0.024975000;20000;9411190386;B
20240117;101556;0.024975000;10000;9411190674;B
20240117;101558;0.024975000;10000;9411190887;B
20240117;101558;0.024975000;30000;9411190948;B
20240117;101600;0.024965000;410000;9411191337;S
20240117;101601;0.024965000;20000;9411191423;S
20240117;101601;0.024970000;50000;9411191466;B
20240117;101601;0.024965000;12590000;9411191496;S
20240117;101601;0.024965000;280000;9411191497;S
20240117;101601;0.024965000;690000;9411191498;S
20240117;101601;0.024960000;16440000;9411191499;S
20240117;101601;0.024970000;1200000;9411191500;B
20240117;101602;0.024970000;10000;9411191536;B
20240117;101602;0.024965000;10000;9411191603;S
20240117;101603;0.024970000;10000;9411191716;B
20240117;101606;0.024970000;600000;9411192069;B
20240117;101606;0.024965000;260000;9411192098;S
20240117;101608;0.024965000;20000;9411192482;S
20240117;101608;0.024970000;10000;9411192490;B
20240117;101609;0.024970000;10000;9411192647;B
20240117;101610;0.024965000;1000000;9411192706;S
20240117;101610;0.024970000;10000;9411192761;B
20240117;101610;0.024965000;60000;9411192771;S
20240117;101612;0.024970000;200000;9411193250;B
20240117;101613;0.024965000;20000;9411193373;S
20240117;101613;0.024970000;10000;9411193379;B
20240117;101615;0.024970000;10000;9411193659;B
20240117;101616;0.024965000;10000;9411193907;S
20240117;101616;0.024965000;320000;9411193937;S
20240117;101616;0.024970000;1090000;9411193961;B
20240117;101617;0.024965000;10000;9411194124;S
20240117;101618;0.024965000;20000;9411194182;S
20240117;101619;0.024970000;20000;9411194470;B
20240117;101619;0.024965000;20000;9411194518;S
20240117;101622;0.024965000;20000;9411195125;S
20240117;101626;0.024970000;100000;9411195955;B
20240117;101626;0.024970000;10000;9411195997;B
20240117;101626;0.024970000;6660000;9411196018;B
20240117;101626;0.024970000;1000000;9411196019;B
20240117;101626;0.024970000;2840000;9411196020;B
20240117;101628;0.024965000;200000;9411196439;S
20240117;101630;0.024970000;670000;9411196672;B
20240117;101630;0.024965000;10000;9411196694;S
20240117;101635;0.024970000;440000;9411197548;B
20240117;101636;0.024965000;5000000;9411197810;S
20240117;101637;0.024965000;20000;9411198074;S
20240117;101638;0.024970000;6050000;9411198371;B
20240117;101638;0.024970000;10000;9411198372;B
20240117;101638;0.024970000;10000;9411198373;B
20240117;101638;0.024975000;930000;9411198374;B
20240117;101638;0.024975000;4000000;9411198375;B
20240117;101638;0.024975000;690000;9411198376;B
20240117;101638;0.024975000;1560000;9411198377;B
20240117;101638;0.024980000;1000000;9411198378;B
20240117;101638;0.024980000;10000000;9411198379;B
20240117;101638;0.024980000;6000000;9411198380;B
20240117;101638;0.024980000;6620000;9411198381;B
20240117;101638;0.024985000;4000000;9411198382;B
20240117;101638;0.024985000;1000000;9411198383;B
20240117;101638;0.024985000;10000;9411198384;B
20240117;101638;0.024985000;10000;9411198385;B
20240117;101638;0.024985000;60000;9411198386;B
20240117;101638;0.024985000;10000;9411198387;B
20240117;101638;0.024985000;4190000;9411198388;B
20240117;101638;0.024985000;50000;9411198389;B
20240117;101638;0.024985000;40000;9411198390;B
20240117;101638;0.024985000;3760000;9411198391;B
20240117;101642;0.024985000;30000;9411198873;B
20240117;101643;0.024980000;1000000;9411199096;B
20240117;101643;0.024985000;4000000;9411199097;B
20240117;101646;0.024980000;200000;9411199516;B
20240117;101646;0.024980000;50000;9411199582;B
20240117;101648;0.024985000;370000;9411199833;B
20240117;101649;0.024970000;200000;9411200037;S
20240117;101650;0.024980000;10000;9411200181;B
20240117;101657;0.024975000;1000000;9411201336;S
20240117;101659;0.024975000;100000;9411201661;S
20240117;101700;0.024980000;180000;9411201865;B
20240117;101701;0.024980000;10000;9411201966;B
20240117;101702;0.024980000;10000;9411202268;B
20240117;101703;0.024975000;40000;9411202454;S
20240117;101703;0.024980000;1140000;9411202482;B
20240117;101704;0.024980000;10000;9411202605;B
20240117;101705;0.024975000;440000;9411202888;S
20240117;101709;0.024980000;30000;9411203618;B
20240117;101709;0.024975000;3870000;9411203624;S
20240117;101711;0.024980000;2180000;9411203927;B
20240117;101712;0.024975000;480000;9411204118;S
20240117;101713;0.024975000;130000;9411204324;S
20240117;101714;0.024980000;100000;9411204441;B
20240117;101720;0.024980000;5620000;9411205614;B
20240117;101720;0.024985000;50000;9411205615;B
20240117;101720;0.024985000;690000;9411205616;B
20240117;101720;0.024985000;5000000;9411205617;B
20240117;101720;0.024985000;3000000;9411205618;B
20240117;101720;0.024985000;1000000;9411205619;B
20240117;101720;0.024985000;9000000;9411205620;B
20240117;101720;0.024990000;300000;9411205621;B
20240117;101720;0.024990000;1000000;9411205622;B
20240117;101720;0.024990000;820000;9411205623;B
20240117;101720;0.024990000;10000000;9411205624;B
20240117;101720;0.024990000;15620000;9411205625;B
20240117;101720;0.024990000;5000000;9411205626;B
20240117;101720;0.024990000;5000000;9411205627;B
20240117;101720;0.024990000;6640000;9411205628;B
20240117;101720;0.024990000;4000000;9411205629;B
20240117;101720;0.024995000;1000000;9411205630;B
20240117;101720;0.024995000;6000000;9411205631;B
20240117;101720;0.024995000;10000;9411205632;B
20240117;101720;0.024995000;2000000;9411205633;B
20240117;101720;0.024995000;210000;9411205634;B
20240117;101720;0.024995000;10000000;9411205635;B
20240117;101720;0.024995000;10000;9411205636;B
20240117;101720;0.024995000;8030000;9411205637;B
20240117;101726;0.024980000;1000000;9411206562;S
20240117;101726;0.024980000;3010000;9411206563;S
20240117;101727;0.025000000;50000;9411206631;B
20240117;101727;0.024985000;60000;9411206766;S
20240117;101731;0.025000000;30000;9411207475;B
20240117;101735;0.024985000;10000;9411208182;S
20240117;101737;0.024985000;800000;9411208335;S
20240117;101738;0.025000000;70000;9411208537;B
20240117;101740;0.024985000;130000;9411209080;S
20240117;101740;0.024985000;740000;9411209081;S
20240117;101740;0.024985000;130000;9411209082;S
20240117;101743;0.024985000;10000;9411209597;S
20240117;101746;0.025000000;10000;9411210122;B
20240117;101748;0.024995000;20000;9411210469;B
20240117;101748;0.024995000;30000;9411210627;B
20240117;101748;0.025000000;70000;9411210628;B
20240117;101750;0.025000000;10000;9411210810;B
20240117;101750;0.025000000;10000;9411210839;B
20240117;101751;0.025000000;10000;9411211075;B
20240117;101752;0.025000000;20000;9411211184;B
20240117;101753;0.025000000;200000;9411211336;B
20240117;101753;0.025000000;520000;9411211359;B
20240117;101753;0.025000000;6000000;9411211360;B
20240117;101753;0.025000000;10000;9411211361;B
20240117;101753;0.025000000;60000;9411211362;B
20240117;101753;0.025000000;13410000;9411211363;B
20240117;101754;0.024990000;500000;9411211471;S
20240117;101754;0.025000000;10000;9411211583;B
20240117;101754;0.025000000;180000;9411211624;B
20240117;101755;0.024990000;10000;9411211788;S
20240117;101757;0.025000000;1000000;9411212106;B
20240117;101759;0.024990000;490000;9411212294;S
20240117;101759;0.024990000;780000;9411212295;S
20240117;101759;0.024990000;2980000;9411212296;S
20240117;101800;0.024990000;1780000;9411212441;B
20240117;101800;0.024990000;20000;9411212467;B
20240117;101804;0.024990000;160000;9411213284;B
20240117;101805;0.024985000;10000;9411213546;S
20240117;101806;0.024985000;40000;9411213642;S
20240117;101808;0.024985000;7890000;9411214039;S
20240117;101808;0.024985000;1000000;9411214040;S
20240117;101808;0.024985000;40000;9411214041;S
20240117;101808;0.024985000;40000;9411214042;S
20240117;101808;0.024985000;20000;9411214043;S
20240117;101808;0.024985000;60000;9411214044;S
20240117;101808;0.024985000;20000;9411214045;S
20240117;101808;0.024985000;10000;9411214046;S
20240117;101808;0.024985000;30000;9411214047;S
20240117;101808;0.024985000;40000;9411214048;S
20240117;101808;0.024985000;40000;9411214049;S
20240117;101808;0.024985000;30000;9411214050;S
20240117;101808;0.024985000;10000;9411214051;S
20240117;101808;0.024985000;160000;9411214052;S
20240117;101808;0.024985000;790000;9411214053;S
20240117;101808;0.024985000;40000;9411214054;S
20240117;101808;0.024980000;9000000;9411214055;S
20240117;101808;0.024980000;4010000;9411214056;S
20240117;101808;0.024980000;1000000;9411214057;S
20240117;101808;0.024980000;6000000;9411214058;S
20240117;101808;0.024975000;6650000;9411214059;S
20240117;101808;0.024990000;10000;9411214063;B
20240117;101811;0.024990000;10000;9411214399;B
20240117;101811;0.024990000;40000;9411214503;B
20240117;101813;0.024990000;3730000;9411214806;B
20240117;101813;0.024990000;10000000;9411214807;B
20240117;101813;0.024990000;1000000;9411214808;B
20240117;101813;0.024995000;20000;9411214809;B
20240117;101813;0.024995000;1000000;9411214810;B
20240117;101813;0.024995000;790000;9411214811;B
20240117;101813;0.024995000;12000000;9411214812;B
20240117;101813;0.024995000;1460000;9411214813;B
20240117;101815;0.024985000;10000;9411215054;S
20240117;101815;0.025000000;35400000;9411215076;B
20240117;101815;0.025000000;10000;9411215077;B
20240117;101815;0.025000000;12010000;9411215078;B
20240117;101815;0.025000000;66790000;9411215079;B
20240117;101815;0.025000000;10000;9411215080;B
20240117;101815;0.025000000;23430000;9411215081;B
20240117;101817;0.025000000;4400000;9411215335;B
20240117;101817;0.025000000;10000;9411215369;B
20240117;101818;0.025000000;20000;9411215426;B
20240117;101818;0.025000000;5000000;9411215462;B
20240117;101818;0.024985000;30000;9411215499;S
20240117;101824;0.025000000;2500000;9411216354;B
20240117;101825;0.025000000;40000;9411216402;B
20240117;101825;0.025000000;100000;9411216418;B
20240117;101825;0.025000000;40000;9411216419;B
20240117;101825;0.025000000;10000;9411216420;B
20240117;101825;0.025000000;50000;9411216421;B
20240117;101825;0.025000000;30000;9411216423;B
20240117;101825;0.025000000;210000;9411216424;B
20240117;101825;0.025000000;10000;9411216425;B
20240117;101825;0.025000000;20000;9411216426;B
20240117;101825;0.025000000;10000;9411216427;B
20240117;101825;0.025000000;60000;9411216429;B
20240117;101825;0.025000000;70000;9411216430;B
20240117;101825;0.025000000;10000;9411216431;B
20240117;101825;0.025000000;90000;9411216432;B
20240117;101825;0.025000000;60000;9411216435;B
20240117;101825;0.025000000;50000;9411216437;B
20240117;101825;0.025000000;40000;9411216438;B
20240117;101825;0.025000000;50000;9411216439;B
20240117;101825;0.025000000;20000;9411216440;B
20240117;101825;0.025000000;30000;9411216443;B
20240117;101825;0.025000000;70000;9411216445;B
20240117;101825;0.025000000;160000;9411216446;B
20240117;101825;0.025000000;220000;9411216447;B
20240117;101825;0.025000000;120000;9411216448;B
20240117;101825;0.025000000;50000;9411216551;B
20240117;101825;0.025000000;10000;9411216552;B
20240117;101825;0.025000000;20000;9411216553;B
20240117;101825;0.025000000;60000;9411216554;B
20240117;101825;0.025000000;20000;9411216555;B
20240117;101825;0.025000000;30000;9411216560;B
20240117;101825;0.025000000;320000;9411216561;B
20240117;101825;0.025000000;140000;9411216562;B
20240117;101825;0.025000000;140000;9411216563;B
20240117;101825;0.025000000;130000;9411216589;B
20240117;101825;0.025000000;30000;9411216612;B
20240117;101826;0.025000000;120000;9411216619;B
20240117;101826;0.025000000;40000;9411216625;B
20240117;101826;0.025000000;100000;9411216643;B
20240117;101826;0.025000000;190000;9411216644;B
20240117;101826;0.025000000;70000;9411216646;B
20240117;101826;0.025000000;10000;9411216647;B
20240117;101826;0.025000000;20000;9411216649;B
20240117;101826;0.025000000;60000;9411216650;B
20240117;101826;0.025000000;90000;9411216652;B
20240117;101826;0.025000000;10000;9411216654;B
20240117;101826;0.025000000;50000;9411216658;B
20240117;101826;0.025000000;40000;9411216659;B
20240117;101826;0.025000000;10000;9411216660;B
20240117;101826;0.025000000;20000;9411216661;B
20240117;101826;0.025000000;10000;9411216667;B
20240117;101826;0.025000000;60000;9411216669;B
20240117;101826;0.025000000;110000;9411216670;B
20240117;101826;0.025000000;10000;9411216673;B
20240117;101826;0.025000000;10000;9411216676;B
20240117;101826;0.025000000;10000;9411216677;B
20240117;101826;0.025000000;40000;9411216678;B
20240117;101826;0.025000000;10000;9411216681;B
20240117;101826;0.025000000;10000;9411216683;B
20240117;101826;0.025000000;10000;9411216685;B
20240117;101826;0.025000000;40000;9411216686;B
20240117;101826;0.025000000;130000;9411216687;B
20240117;101826;0.025000000;10000;9411216688;B
20240117;101826;0.025000000;40000;9411216689;B
20240117;101826;0.025000000;60000;9411216690;B
20240117;101826;0.025000000;20000;9411216698;B
20240117;101826;0.025000000;440000;9411216701;B
20240117;101826;0.025000000;50000;9411216702;B
20240117;101826;0.025000000;60000;9411216705;B
20240117;101826;0.025000000;20000;9411216706;B
20240117;101826;0.025000000;20000;9411216708;B
20240117;101826;0.025000000;100000;9411216713;B
20240117;101826;0.025000000;80000;9411216714;B
20240117;101826;0.025000000;40000;9411216715;B
20240117;101826;0.025000000;20000;9411216717;B
20240117;101826;0.025000000;40000;9411216718;B
20240117;101826;0.025000000;30000;9411216733;B
20240117;101826;0.025000000;50000;9411216736;B
20240117;101826;0.025000000;40000;9411216737;B
20240117;101826;0.025000000;60000;9411216738;B
20240117;101826;0.025000000;20000;9411216740;B
20240117;101826;0.025000000;180000;9411216742;B
20240117;101826;0.025000000;2000000;9411216743;B
20240117;101826;0.025000000;10000;9411216744;B
20240117;101826;0.025000000;10000;9411216745;B
20240117;101826;0.025000000;250000;9411216746;B
20240117;101826;0.025000000;70000;9411216749;B
20240117;101826;0.025000000;50000;9411216751;B
20240117;101826;0.025000000;30000;9411216783;B
20240117;101826;0.025000000;50000;9411216784;B
20240117;101826;0.025000000;130000;9411216785;B
20240117;101827;0.025000000;10000;9411216808;B
20240117;101827;0.025000000;30000;9411216812;B
20240117;101827;0.025000000;10000;9411216815;B
20240117;101827;0.025000000;40000;9411216816;B
20240117;101827;0.025000000;60000;9411216817;B
20240117;101827;0.025000000;10000;9411216818;B
20240117;101827;0.025000000;20000;9411216819;B
20240117;101827;0.025000000;20000;9411216820;B
20240117;101827;0.025000000;20000;9411216821;B
20240117;101827;0.025000000;2650000;9411216823;B
20240117;101827;0.025000000;200000;9411216824;B
20240117;101827;0.025000000;130000;9411216827;B
20240117;101827;0.025005000;50000;9411216828;B
20240117;101827;0.025005000;20000;9411216836;B
20240117;101827;0.025005000;50000;9411216841;B
20240117;101827;0.025005000;30000;9411216842;B
20240117;101827;0.025005000;30000;9411216845;B
20240117;101827;0.025005000;60000;9411216847;B
20240117;101827;0.025005000;50000;9411216849;B
20240117;101827;0.025005000;50000;9411216856;B
20240117;101827;0.025005000;40000;9411216860;B
20240117;101827;0.025005000;50000;9411216861;B
20240117;101827;0.025005000;90000;9411216862;B
20240117;101827;0.025005000;50000;9411216864;B
20240117;101827;0.025005000;10000;9411216866;B
20240117;101827;0.025005000;40000;9411216875;B
20240117;101827;0.025005000;50000;9411216877;B
20240117;101827;0.025005000;30000;9411216879;B
20240117;101827;0.025005000;10000;9411216880;B
20240117;101827;0.025005000;10000;9411216881;B
20240117;101827;0.025005000;50000;9411216886;B
20240117;101827;0.025005000;10000;9411216891;B
20240117;101827;0.025005000;40000;9411216892;B
20240117;101827;0.025005000;50000;9411216893;B
20240117;101827;0.025005000;20000;9411216896;B
20240117;101827;0.025005000;50000;9411216897;B
20240117;101827;0.025005000;20000;9411216899;B
20240117;101827;0.025005000;10000;9411216901;B
20240117;101827;0.025005000;10000;9411216902;B
20240117;101827;0.025005000;230000;9411216904;B
20240117;101827;0.025005000;50000;9411216905;B
20240117;101827;0.025005000;10000;9411216913;B
