<DATE>;<TIME>;<LAST>;<VOL>;<ID>;<OPER>
20240209;095932;0.024275000;20000;9581444096;S
20240209;095932;0.024275000;50000;9581444097;S
20240209;095932;0.024275000;20000;9581444098;S
20240209;095932;0.024275000;80000;9581444099;S
20240209;095932;0.024275000;110000;9581444100;S
20240209;095932;0.024275000;10000;9581444101;S
20240209;095932;0.024275000;30000;9581444102;B
20240209;095932;0.024275000;60000;9581444103;B
20240209;095932;0.024275000;500000;9581444104;B
20240209;095932;0.024275000;100000;9581444105;B
20240209;095932;0.024275000;400000;9581444106;B
20240209;095932;0.024275000;10000;9581444107;B
20240209;095932;0.024275000;10000;9581444108;B
20240209;095932;0.024275000;810000;9581444109;B
20240209;095932;0.024275000;10000;9581444110;B
20240209;095932;0.024275000;50000;9581444111;B
20240209;095932;0.024275000;1000000;9581444112;B
20240209;095932;0.024275000;10000;9581444113;B
20240209;095932;0.024275000;20000;9581444114;B
20240209;095932;0.024275000;10000;9581444115;B
20240209;095932;0.024275000;30000;9581444116;B
20240209;095932;0.024275000;10000;9581444117;B
20240209;095932;0.024275000;10000;9581444118;B
20240209;095932;0.024275000;10000;9581444119;B
20240209;095932;0.024275000;10000;9581444120;B
20240209;095932;0.024275000;10000;9581444121;B
20240209;095932;0.024275000;12610000;9581444122;B
20240209;095932;0.024275000;50000;9581444123;B
20240209;095932;0.024275000;1500000;9581444124;B
20240209;095932;0.024275000;20000;9581444125;B
20240209;095932;0.024275000;210000;9581444126;B
20240209;095932;0.024275000;10000;9581444127;B
20240209;095932;0.024275000;4600000;9581444128;B
20240209;095932;0.024275000;1600000;9581444129;S
20240209;095932;0.024275000;10000;9581444130;S
20240209;095932;0.024275000;2000000;9581444131;S
20240209;095932;0.024275000;6620000;9581444132;S
20240209;095932;0.024275000;60000;9581444133;S
20240209;095932;0.024275000;10000;9581444134;S
20240209;095932;0.024275000;50000;9581444135;S
20240209;095932;0.024275000;10000;9581444136;S
20240209;095932;0.024275000;20000;9581444137;S
20240209;095932;0.024275000;40000;9581444138;S
20240209;095932;0.024275000;10000;9581444139;S
20240209;095932;0.024275000;10000;9581444140;S
20240209;095932;0.024275000;1000000;9581444141;S
20240209;095932;0.024275000;20000;9581444142;S
20240209;095932;0.024275000;1000000;9581444143;B
20240209;095932;0.024275000;400000;9581444144;S
20240209;095932;0.024275000;20000;9581444145;S
20240209;095932;0.024275000;3800000;9581444146;S
20240209;095932;0.024275000;10000;9581444147;S
20240209;095932;0.024275000;10000;9581444148;B
20240209;095932;0.024275000;24910000;9581444149;S
20240209;095932;0.024275000;20000;9581444150;S
20240209;095932;0.024275000;600000;9581444151;S
20240209;095932;0.024275000;1000000;9581444152;S
20240209;095932;0.024275000;50000;9581444153;S
20240209;095932;0.024275000;100000;9581444154;S
20240209;095932;0.024275000;5000000;9581444155;S
20240209;095932;0.024275000;1000000;9581444156;B
20240209;095932;0.024275000;800000;9581444157;S
20240209;095932;0.024275000;190000;9581444158;B
20240209;095932;0.024275000;6330000;9581444159;S
20240209;095932;0.024275000;80000;9581444160;S
20240209;095932;0.024275000;3590000;9581444161;S
20240209;095932;0.024275000;1000000;9581444162;S
20240209;095932;0.024275000;5000000;9581444163;S
20240209;095932;0.024275000;190000;9581444164;B
20240209;095932;0.024275000;220000;9581444165;S
20240209;095932;0.024275000;30000;9581444166;B
20240209;095932;0.024275000;10000;9581444167;S
20240209;095932;0.024275000;10000;9581444168;S
20240209;095932;0.024275000;40000;9581444169;S
20240209;095932;0.024275000;10000;9581444170;S
20240209;095932;0.024275000;10000;9581444171;S
20240209;095932;0.024275000;60000;9581444172;S
20240209;095932;0.024275000;400000;9581444173;S
20240209;095932;0.024275000;20000;9581444174;S
20240209;095932;0.024275000;20000;9581444175;S
20240209;095932;0.024275000;170000;9581444176;B
20240209;095932;0.024275000;30000;9581444177;B
20240209;095932;0.024275000;10000;9581444178;B
20240209;095932;0.024275000;40000;9581444179;B
20240209;095932;0.024275000;10000;9581444180;B
20240209;095932;0.024275000;20000;9581444181;B
20240209;095932;0.024275000;50000;9581444182;B
20240209;095932;0.024275000;10000;9581444183;B
20240209;095932;0.024275000;10000;9581444184;B
20240209;095932;0.024275000;30000;9581444185;B
20240209;095932;0.024275000;100000;9581444186;B
20240209;095932;0.024275000;150000;9581444187;S
20240209;095932;0.024275000;150000;9581444188;B
20240209;100000;0.024275000;2500000;9581450534;S
20240209;100000;0.024275000;2500000;9581450535;S
20240209;100000;0.024275000;2500000;9581450536;S
20240209;100000;0.024275000;1000000;9581450537;S
20240209;100000;0.024275000;100000;9581450538;S
20240209;100000;0.024275000;2500000;9581450558;S
20240209;100000;0.024275000;2500000;9581450559;S
20240209;100000;0.024275000;620000;9581450569;S
20240209;100000;0.024270000;30000;9581450634;S
20240209;100000;0.024270000;1970000;9581450635;S
20240209;100000;0.024270000;5000000;9581450650;S
20240209;100000;0.024270000;100000;9581450657;S
20240209;100000;0.024270000;100000;9581450676;S
20240209;100000;0.024270000;700000;9581450681;S
20240209;100000;0.024270000;100000;9581450700;S
20240209;100000;0.024270000;2030000;9581450711;S
20240209;100000;0.024270000;970000;9581450712;S
20240209;100000;0.024270000;200000;9581450725;S
20240209;100000;0.024270000;100000;9581450746;S
20240209;100000;0.024270000;200000;9581450756;S
20240209;100000;0.024270000;500000;9581450764;S
20240209;100000;0.024270000;2000000;9581450806;S
20240209;100000;0.024275000;10000;9581450846;B
20240209;100000;0.024275000;1370000;9581450855;B
20240209;100000;0.024275000;300000;9581450856;B
20240209;100000;0.024275000;1400000;9581450857;B
20240209;100000;0.024275000;800000;9581450858;B
20240209;100000;0.024275000;180000;9581450859;B
20240209;100000;0.024270000;100000;9581450965;S
20240209;100000;0.024270000;100000;9581451278;S
20240209;100001;0.024275000;90000;9581451846;B
20240209;100001;0.024270000;400000;9581452256;S
20240209;100002;0.024275000;850000;9581452523;B
20240209;100002;0.024270000;430000;9581452720;S
20240209;100002;0.024270000;80000;9581452721;S
20240209;100002;0.024265000;50000;9581452722;S
20240209;100002;0.024265000;500000;9581452723;S
20240209;100002;0.024265000;3940000;9581452724;S
20240209;100002;0.024260000;10000;9581452791;S
20240209;100002;0.024260000;150000;9581452792;S
20240209;100002;0.024260000;40000;9581452793;S
20240209;100002;0.024260000;20000;9581452794;S
20240209;100002;0.024260000;20000;9581452795;S
20240209;100002;0.024260000;20000;9581452796;S
20240209;100002;0.024260000;40000;9581452797;S
20240209;100002;0.024260000;30000;9581452798;S
20240209;100002;0.024260000;50000;9581452799;S
20240209;100002;0.024260000;10000;9581452800;S
20240209;100002;0.024260000;710000;9581452801;S
20240209;100002;0.024260000;100000;9581452821;S
20240209;100002;0.024260000;100000;9581452825;S
20240209;100002;0.024260000;100000;9581452827;S
20240209;100002;0.024260000;580000;9581452860;S
20240209;100002;0.024260000;250000;9581452861;S
20240209;100002;0.024260000;10000;9581452862;S
20240209;100002;0.024260000;30000;9581452863;S
20240209;100002;0.024260000;30000;9581452864;S
20240209;100002;0.024260000;30000;9581452865;S
20240209;100002;0.024260000;50000;9581452866;S
20240209;100002;0.024260000;20000;9581452867;S
20240209;100002;0.024260000;10000;9581452868;S
20240209;100002;0.024260000;20000;9581452869;S
20240209;100002;0.024260000;20000;9581452870;S
20240209;100002;0.024260000;80000;9581452871;S
20240209;100002;0.024260000;270000;9581452872;S
20240209;100002;0.024260000;430000;9581452880;S
20240209;100002;0.024260000;90000;9581452881;S
20240209;100002;0.024260000;100000;9581452882;S
20240209;100002;0.024260000;190000;9581452883;S
20240209;100002;0.024260000;200000;9581452884;S
20240209;100002;0.024260000;30000;9581452885;S
20240209;100002;0.024260000;500000;9581452886;S
20240209;100002;0.024260000;550000;9581452887;S
20240209;100002;0.024260000;10000;9581452888;S
20240209;100002;0.024260000;10000;9581452889;S
20240209;100002;0.024260000;600000;9581452890;S
20240209;100002;0.024260000;500000;9581452891;S
20240209;100002;0.024260000;10000;9581452892;S
20240209;100002;0.024260000;660000;9581452893;S
20240209;100002;0.024260000;340000;9581452895;S
20240209;100002;0.024260000;550000;9581452924;B
20240209;100003;0.024255000;30000;9581453530;S
20240209;100003;0.024255000;10000;9581453531;S
20240209;100003;0.024255000;10000;9581453532;S
20240209;100003;0.024255000;10000;9581453533;S
20240209;100003;0.024255000;450000;9581453540;B
20240209;100003;0.024255000;1000000;9581453542;B
20240209;100003;0.024255000;2000000;9581453545;B
20240209;100003;0.024255000;3000000;9581453547;B
20240209;100003;0.024255000;2000000;9581453548;B
20240209;100003;0.024255000;200000;9581453549;B
20240209;100003;0.024250000;80000;9581453550;S
20240209;100003;0.024250000;20000;9581453551;S
20240209;100003;0.024250000;20000;9581453552;S
20240209;100003;0.024250000;1000000;9581453553;S
20240209;100003;0.024250000;10000;9581453554;S
20240209;100003;0.024250000;20000;9581453555;S
20240209;100003;0.024250000;10000;9581453556;S
20240209;100003;0.024250000;200000;9581453557;S
20240209;100003;0.024250000;30000;9581453558;S
20240209;100003;0.024250000;1000000;9581453559;S
20240209;100003;0.024250000;2610000;9581453560;B
20240209;100003;0.024250000;2610000;9581453562;B
20240209;100003;0.024250000;290000;9581453563;B
20240209;100003;0.024250000;2900000;9581453565;B
20240209;100003;0.024250000;2100000;9581453566;B
20240209;100003;0.024245000;20000;9581453567;S
20240209;100003;0.024245000;20000;9581453568;S
20240209;100003;0.024245000;20000;9581453569;S
20240209;100003;0.024245000;10000;9581453570;S
20240209;100003;0.024245000;20000;9581453571;S
20240209;100003;0.024245000;170000;9581453572;S
20240209;100003;0.024245000;30000;9581453573;S
20240209;100003;0.024245000;1000000;9581453574;S
20240209;100003;0.024245000;1110000;9581453575;B
20240209;100003;0.024250000;1420000;9581453576;B
20240209;100003;0.024250000;3580000;9581453577;B
20240209;100003;0.024245000;1000000;9581453579;B
20240209;100003;0.024240000;10000;9581453583;S
20240209;100003;0.024240000;60000;9581453584;S
20240209;100003;0.024240000;200000;9581453585;S
20240209;100003;0.024240000;20000;9581453586;S
20240209;100003;0.024240000;30000;9581453587;S
20240209;100003;0.024240000;780000;9581453588;S
20240209;100003;0.024245000;500000;9581453589;B
20240209;100003;0.024240000;220000;9581453599;S
20240209;100003;0.024240000;10000;9581453600;S
20240209;100003;0.024240000;1000000;9581453601;S
20240209;100003;0.024240000;1630000;9581453607;B
20240209;100003;0.024240000;1940000;9581453608;B
20240209;100003;0.024235000;2100000;9581453615;S
20240209;100003;0.024240000;1000000;9581453617;B
20240209;100003;0.024240000;7900000;9581453618;B
20240209;100003;0.024240000;700000;9581453619;B
20240209;100003;0.024245000;400000;9581453827;B
20240209;100004;0.024240000;1000000;9581454137;S
20240209;100004;0.024240000;360000;9581454138;B
20240209;100004;0.024240000;640000;9581454139;B
20240209;100004;0.024240000;640000;9581454140;B
20240209;100004;0.024240000;10000;9581454141;B
20240209;100004;0.024240000;4350000;9581454142;B
20240209;100004;0.024240000;5000000;9581454143;B
20240209;100005;0.024245000;10000;9581454763;B
20240209;100005;0.024245000;800000;9581454764;B
20240209;100005;0.024245000;690000;9581454765;B
20240209;100005;0.024245000;10000;9581454957;B
20240209;100005;0.024235000;20000;9581454999;S
20240209;100005;0.024245000;10000;9581455032;B
20240209;100005;0.024245000;10000;9581455040;B
20240209;100005;0.024235000;10000;9581455045;S
20240209;100005;0.024245000;10000;9581455521;B
20240209;100005;0.024245000;460000;9581455525;B
20240209;100005;0.024250000;10000;9581455527;B
20240209;100005;0.024250000;100000;9581455534;B
20240209;100005;0.024250000;40000;9581455536;B
20240209;100005;0.024240000;870000;9581455599;S
20240209;100005;0.024250000;10000;9581455601;B
20240209;100005;0.024250000;10000;9581455605;B
20240209;100005;0.024250000;10000;9581455607;B
20240209;100005;0.024240000;50000;9581455608;S
20240209;100005;0.024240000;10000;9581455609;S
20240209;100005;0.024240000;10000;9581455610;S
20240209;100005;0.024250000;90000;9581455655;B
20240209;100005;0.024240000;50000;9581455656;S
20240209;100005;0.024250000;10000;9581455657;B
20240209;100005;0.024250000;10000;9581455658;B
20240209;100006;0.024250000;570000;9581456244;B
20240209;100006;0.024240000;10000;9581456332;S
20240209;100006;0.024240000;30000;9581456333;S
20240209;100006;0.024250000;60000;9581456335;B
20240209;100006;0.024250000;10000;9581456337;B
20240209;100006;0.024250000;10000;9581456339;B
20240209;100006;0.024240000;10000;9581456340;S
20240209;100006;0.024250000;40000;9581456342;B
20240209;100006;0.024240000;2000000;9581456495;S
20240209;100006;0.024250000;70000;9581456583;B
20240209;100006;0.024250000;10000;9581456585;B
20240209;100006;0.024240000;30000;9581456586;S
20240209;100006;0.024250000;20000;9581456622;B
20240209;100006;0.024250000;50000;9581456712;B
20240209;100006;0.024240000;50000;9581456719;S
20240209;100006;0.024250000;10000;9581456721;B
20240209;100006;0.024240000;30000;9581456722;S
20240209;100006;0.024240000;530000;9581456733;S
20240209;100006;0.024245000;10000;9581456973;B
20240209;100006;0.024250000;40000;9581456974;B
20240209;100006;0.024245000;40000;9581456981;S
20240209;100006;0.024250000;60000;9581456982;B
20240209;100006;0.024245000;10000;9581456983;S
20240209;100006;0.024250000;20000;9581457402;B
20240209;100006;0.024245000;50000;9581457431;S
20240209;100006;0.024245000;10000;9581457437;S
20240209;100006;0.024250000;20000;9581457442;B
20240209;100006;0.024250000;280000;9581457448;B
20240209;100006;0.024250000;40000;9581457532;B
20240209;100007;0.024250000;20000;9581457562;B
20240209;100007;0.024245000;60000;9581457596;S
20240209;100007;0.024240000;10000;9581458188;S
20240209;100007;0.024250000;160000;9581458241;B
20240209;100007;0.024240000;40000;9581458246;S
20240209;100007;0.024250000;10000;9581458247;B
20240209;100007;0.024240000;20000;9581458250;S
20240209;100007;0.024240000;30000;9581458252;S
20240209;100007;0.024250000;10000;9581458415;B
20240209;100007;0.024250000;10000;9581458419;B
20240209;100007;0.024250000;50000;9581458421;B
20240209;100007;0.024240000;40000;9581458586;S
20240209;100007;0.024240000;40000;9581458637;S
20240209;100007;0.024250000;10000;9581458647;B
20240209;100007;0.024240000;10000000;9581458812;S
20240209;100007;0.024240000;460000;9581458813;S
20240209;100007;0.024240000;30000;9581458814;S
20240209;100008;0.024245000;10000;9581459009;B
20240209;100008;0.024245000;20000;9581459010;B
20240209;100008;0.024245000;10000;9581459011;B
20240209;100008;0.024245000;80000;9581459012;B
20240209;100008;0.024245000;50000;9581459013;B
20240209;100008;0.024235000;10000;9581459014;S
20240209;100008;0.024235000;10000;9581459534;S
20240209;100008;0.024235000;10000;9581459598;S
20240209;100008;0.024235000;10000;9581459600;S
20240209;100008;0.024245000;10000;9581459602;B
20240209;100008;0.024235000;50000;9581459603;S
20240209;100009;0.024240000;40000;9581460407;B
20240209;100009;0.024235000;530000;9581460408;S
20240209;100009;0.024235000;7250000;9581460410;S
20240209;100009;0.024235000;30000;9581460411;S
20240209;100009;0.024235000;1000000;9581460412;S
20240209;100009;0.024230000;10000;9581460413;S
20240209;100009;0.024230000;10000;9581460414;S
20240209;100009;0.024230000;50000;9581460415;S
20240209;100009;0.024230000;750000;9581460416;S
20240209;100009;0.024230000;2450000;9581460417;S
20240209;100009;0.024240000;50000;9581460525;B
20240209;100010;0.024240000;10000;9581460762;B
20240209;100010;0.024230000;40000;9581460765;S
20240209;100010;0.024240000;150000;9581460785;B
20240209;100010;0.024240000;1000000;9581460786;B
20240209;100010;0.024245000;600000;9581460787;B
20240209;100010;0.024245000;10000;9581460901;B
20240209;100010;0.024240000;10000;9581461150;S
20240209;100010;0.024240000;40000;9581461151;S
20240209;100010;0.024245000;140000;9581461201;B
20240209;100010;0.024235000;30000;9581461379;S
20240209;100010;0.024230000;840000;9581461380;S
20240209;100010;0.024230000;10000;9581461381;S
20240209;100010;0.024230000;200000;9581461382;S
20240209;100010;0.024230000;30000;9581461383;S
20240209;100010;0.024230000;630000;9581461384;S
20240209;100010;0.024230000;170000;9581461406;S
20240209;100011;0.024245000;70000;9581461590;B
20240209;100011;0.024250000;370000;9581461591;B
20240209;100011;0.024230000;700000;9581461596;S
20240209;100011;0.024230000;800000;9581461597;S
20240209;100011;0.024230000;3500000;9581461602;S
20240209;100011;0.024230000;1000000;9581461603;S
20240209;100011;0.024230000;700000;9581461607;S
20240209;100011;0.024230000;1000000;9581461612;S
20240209;100011;0.024230000;500000;9581461613;S
20240209;100011;0.024230000;1300000;9581461617;S
20240209;100011;0.024230000;500000;9581461622;S
20240209;100011;0.024245000;1000000;9581461861;B
20240209;100011;0.024250000;260000;9581461862;B
20240209;100011;0.024250000;1000000;9581461863;B
20240209;100011;0.024250000;5750000;9581461864;B
20240209;100011;0.024255000;1000000;9581461865;B
20240209;100011;0.024255000;5750000;9581461866;B
20240209;100011;0.024255000;10000;9581461867;B
20240209;100011;0.024255000;2590000;9581461868;B
20240209;100011;0.024255000;12370000;9581461869;B
20240209;100011;0.024260000;5750000;9581461870;B
20240209;100011;0.024260000;1000000;9581461871;B
20240209;100011;0.024260000;12370000;9581461872;B
20240209;100011;0.024260000;11150000;9581461873;B
20240209;100013;0.024235000;1000000;9581462728;S
20240209;100013;0.024235000;26610000;9581462729;S
20240209;100013;0.024235000;12370000;9581462730;S
20240209;100013;0.024235000;20000;9581462731;S
20240209;100013;0.024230000;15700000;9581462732;S
20240209;100013;0.024230000;50000;9581462733;S
20240209;100013;0.024230000;10000;9581462734;S
20240209;100013;0.024230000;1000000;9581462735;S
20240209;100013;0.024230000;10000;9581462736;S
20240209;100013;0.024225000;10000;9581462737;S
20240209;100013;0.024225000;10000;9581462738;S
20240209;100013;0.024225000;80000;9581462739;S
20240209;100013;0.024225000;10000;9581462740;S
20240209;100013;0.024225000;100000;9581462741;S
20240209;100013;0.024225000;30000;9581462742;S
20240209;100013;0.024225000;1000000;9581462743;S
20240209;100013;0.024225000;2000000;9581462744;S
20240209;100013;0.024225000;5750000;9581462745;S
20240209;100013;0.024225000;10000000;9581462746;S
20240209;100013;0.024220000;200000;9581462747;S
20240209;100013;0.024220000;100000;9581462748;S
20240209;100013;0.024220000;10000;9581462749;S
20240209;100013;0.024220000;150000;9581462750;S
20240209;100013;0.024220000;10000;9581462751;S
20240209;100013;0.024220000;10000;9581462752;S
20240209;100013;0.024220000;50000;9581462753;S
20240209;100013;0.024220000;10000;9581462754;S
20240209;100013;0.024220000;1000000;9581462755;S
20240209;100013;0.024220000;200000;9581462756;S
20240209;100013;0.024220000;80000;9581462757;S
20240209;100013;0.024220000;3610000;9581462758;S
20240209;100013;0.024220000;10000;9581462759;S
20240209;100013;0.024220000;30000;9581462760;S
20240209;100013;0.024220000;100000;9581462761;S
20240209;100013;0.024220000;5750000;9581462762;S
20240209;100013;0.024220000;1000000;9581462763;S
20240209;100013;0.024220000;12370000;9581462764;S
20240209;100013;0.024215000;10000;9581462765;S
20240209;100013;0.024215000;10000;9581462766;S
20240209;100013;0.024215000;100000;9581462767;S
20240209;100013;0.024215000;500000;9581462768;S
20240209;100013;0.024215000;7000000;9581462769;S
20240209;100013;0.024215000;100000;9581462770;S
20240209;100013;0.024215000;200000;9581462771;S
20240209;100013;0.024215000;200000;9581462772;S
20240209;100013;0.024215000;30000;9581462773;S
20240209;100013;0.024215000;5750000;9581462774;S
20240209;100013;0.024215000;1000000;9581462775;S
20240209;100013;0.024215000;15460000;9581462776;S
20240209;100013;0.024215000;4190000;9581462777;B
20240209;100013;0.024215000;1490000;9581462778;B
20240209;100013;0.024215000;30000;9581462779;B
20240209;100013;0.024215000;4190000;9581462780;B
20240209;100013;0.024215000;3000000;9581462781;B
20240209;100013;0.024215000;5000000;9581462782;B
20240209;100013;0.024215000;1500000;9581462783;B
20240209;100013;0.024210000;10000;9581462784;S
20240209;100013;0.024215000;4190000;9581462785;B
20240209;100013;0.024215000;4190000;9581462786;B
20240209;100013;0.024215000;14000000;9581462787;B
20240209;100013;0.024215000;1000000;9581462788;B
20240209;100013;0.024215000;13510000;9581462789;B
20240209;100013;0.024215000;13480000;9581462790;B
20240209;100013;0.024215000;13480000;9581462791;B
20240209;100013;0.024215000;13480000;9581462792;B
20240209;100013;0.024215000;13480000;9581462793;B
20240209;100013;0.024215000;13480000;9581462794;B
20240209;100013;0.024215000;13480000;9581462795;B
20240209;100013;0.024215000;13480000;9581462796;B
20240209;100013;0.024215000;2530000;9581462797;B
20240209;100013;0.024215000;1500000;9581462798;B
20240209;100013;0.024210000;90000;9581462799;S
20240209;100013;0.024210000;10000;9581462800;S
20240209;100013;0.024210000;10000;9581462801;S
20240209;100013;0.024210000;1000000;9581462802;S
20240209;100013;0.024210000;500000;9581462803;S
20240209;100013;0.024210000;10000;9581462804;S
20240209;100013;0.024210000;30000;9581462805;S
20240209;100013;0.024210000;50000;9581462806;S
20240209;100013;0.024210000;10000;9581462807;S
20240209;100013;0.024210000;290000;9581462808;S
20240209;100013;0.024215000;100000;9581462810;B
20240209;100013;0.024210000;210000;9581462811;S
20240209;100013;0.024210000;4790000;9581462812;S
20240209;100013;0.024210000;19500000;9581462813;S
20240209;100013;0.024215000;1000000;9581462814;B
20240209;100013;0.024215000;500000;9581462817;B
20240209;100013;0.024215000;100000;9581462818;B
20240209;100013;0.024215000;4700000;9581462830;B
20240209;100013;0.024215000;300000;9581462831;B
20240209;100014;0.024215000;40000;9581462958;B
20240209;100014;0.024215000;320000;9581462959;B
20240209;100014;0.024215000;10000;9581462961;B
20240209;100014;0.024215000;10000;9581462974;B
20240209;100014;0.024215000;20000;9581462975;B
20240209;100014;0.024215000;40000;9581463005;B
20240209;100014;0.024215000;50000;9581463006;B
20240209;100014;0.024210000;15000000;9581463008;S
20240209;100014;0.024215000;150000;9581463018;B
20240209;100014;0.024215000;50000;9581463019;B
20240209;100014;0.024215000;10000;9581463020;B
20240209;100014;0.024215000;10000;9581463043;B
20240209;100014;0.024215000;9000000;9581463050;B
20240209;100014;0.024215000;1000000;9581463051;B
20240209;100014;0.024215000;50000;9581463069;B
20240209;100014;0.024215000;10000;9581463075;B
20240209;100014;0.024215000;10000;9581463087;B
20240209;100014;0.024215000;20000;9581463090;B
20240209;100014;0.024210000;100000;9581463099;S
20240209;100014;0.024210000;10610000;9581463110;S
20240209;100014;0.024210000;400000;9581463111;S
20240209;100014;0.024210000;10000;9581463112;S
20240209;100014;0.024210000;100000;9581463113;S
20240209;100014;0.024210000;12370000;9581463114;S
20240209;100014;0.024210000;10000;9581463115;S
20240209;100014;0.024210000;2000000;9581463116;S
20240209;100014;0.024205000;10000;9581463117;S
20240209;100014;0.024205000;100000;9581463118;S
20240209;100014;0.024205000;10000;9581463119;S
20240209;100014;0.024205000;500000;9581463120;S
20240209;100014;0.024205000;40000;9581463121;S
20240209;100014;0.024205000;60000;9581463122;S
20240209;100014;0.024205000;500000;9581463123;S
20240209;100014;0.024205000;50000;9581463124;S
20240209;100014;0.024205000;50000;9581463125;S
20240209;100014;0.024205000;10000;9581463126;S
20240209;100014;0.024205000;10000;9581463127;S
20240209;100014;0.024205000;100000;9581463128;S
20240209;100014;0.024205000;300000;9581463129;S
20240209;100014;0.024205000;50000;9581463130;S
20240209;100014;0.024205000;10000;9581463131;S
20240209;100014;0.024205000;10000;9581463132;S
20240209;100014;0.024205000;2410000;9581463133;S
20240209;100014;0.024210000;4150000;9581463135;S
20240209;100014;0.024210000;20000;9581463146;B
20240209;100014;0.024210000;980000;9581463150;B
20240209;100014;0.024215000;1020000;9581463151;B
20240209;100014;0.024210000;200000;9581463158;B
20240209;100014;0.024210000;800000;9581463163;B
20240209;100014;0.024215000;12700000;9581463164;B
20240209;100014;0.024215000;10000;9581463167;B
20240209;100014;0.024210000;50000;9581463180;S
20240209;100014;0.024210000;4080000;9581463197;S
20240209;100014;0.024205000;3340000;9581463198;S
20240209;100014;0.024205000;30000;9581463199;S
20240209;100014;0.024205000;740000;9581463200;S
20240209;100014;0.024215000;5000000;9581463221;B
20240209;100014;0.024215000;1000000;9581463222;B
20240209;100014;0.024210000;8720000;9581463223;S
20240209;100015;0.024215000;20000;9581463260;B
20240209;100015;0.024210000;10000;9581463269;S
20240209;100015;0.024210000;30000;9581463270;S
20240209;100015;0.024210000;970000;9581463281;S
20240209;100015;0.024205000;980000;9581463282;S
20240209;100015;0.024205000;280000;9581463290;S
20240209;100015;0.024205000;5720000;9581463291;S
20240209;100015;0.024205000;200000;9581463301;S
20240209;100015;0.024205000;1750000;9581463302;S
20240209;100015;0.024205000;20000;9581463316;S
20240209;100015;0.024210000;10000;9581463317;B
20240209;100015;0.024210000;10000;9581463321;B
20240209;100015;0.024210000;980000;9581463329;B
20240209;100015;0.024210000;7500000;9581463330;S
20240209;100015;0.024215000;440000;9581463331;B
20240209;100015;0.024215000;670000;9581463360;B
20240209;100015;0.024210000;1520000;9581463374;S
20240209;100015;0.024210000;100000;9581463375;S
20240209;100015;0.024205000;5310000;9581463376;S
20240209;100015;0.024205000;500000;9581463377;S
20240209;100015;0.024205000;20000;9581463378;S
20240209;100015;0.024205000;10000;9581463379;S
20240209;100015;0.024200000;10000;9581463380;S
20240209;100015;0.024200000;100000;9581463381;S
20240209;100015;0.024200000;10000;9581463382;S
20240209;100015;0.024200000;500000;9581463383;S
20240209;100015;0.024200000;10000;9581463384;S
20240209;100015;0.024200000;10000;9581463385;S
20240209;100015;0.024200000;20000;9581463386;S
20240209;100015;0.024200000;10000;9581463387;S
20240209;100015;0.024200000;480000;9581463388;S
20240209;100015;0.024200000;1000000;9581463389;S
20240209;100015;0.024200000;390000;9581463390;S
20240209;100015;0.024210000;10000;9581463426;B
20240209;100015;0.024200000;110000;9581463456;S
20240209;100015;0.024200000;10000;9581463457;S
20240209;100015;0.024200000;9880000;9581463458;S
20240209;100015;0.024200000;120000;9581463475;S
20240209;100015;0.024200000;10000;9581463476;S
20240209;100015;0.024200000;100000;9581463477;S
20240209;100015;0.024200000;20000;9581463478;S
20240209;100015;0.024200000;100000;9581463479;S
20240209;100015;0.024200000;10000;9581463480;S
20240209;100015;0.024200000;400000;9581463481;S
20240209;100015;0.024200000;10000;9581463482;S
20240209;100015;0.024200000;500000;9581463483;S
20240209;100015;0.024200000;1000000;9581463484;S
20240209;100015;0.024200000;10000;9581463485;S
20240209;100015;0.024200000;10000;9581463486;S
20240209;100015;0.024200000;10000;9581463487;S
20240209;100015;0.024200000;10000;9581463490;S
20240209;100015;0.024200000;10000;9581463491;S
20240209;100015;0.024200000;10000;9581463492;S
20240209;100015;0.024200000;10000;9581463493;S
20240209;100015;0.024200000;10000;9581463494;S
20240209;100015;0.024200000;10000;9581463495;S
20240209;100015;0.024200000;10000;9581463496;S
20240209;100015;0.024200000;1500000;9581463497;S
20240209;100015;0.024200000;3480000;9581463498;S
20240209;100015;0.024200000;1500000;9581463559;S
20240209;100015;0.024200000;3500000;9581463563;S
20240209;100015;0.024205000;20000;9581463568;B
20240209;100015;0.024200000;1600000;9581463595;S
20240209;100015;0.024205000;10000;9581463611;B
20240209;100015;0.024205000;470000;9581463647;B
20240209;100015;0.024210000;210000;9581463648;B
20240209;100015;0.024200000;790000;9581463662;S
20240209;100016;0.024200000;2000000;9581463673;S
20240209;100016;0.024200000;24990000;9581463674;S
20240209;100016;0.024200000;420000;9581463715;S
20240209;100016;0.024200000;2620000;9581463720;S
20240209;100016;0.024210000;50000;9581463722;B
20240209;100016;0.024200000;200000;9581463723;S
20240209;100016;0.024210000;730000;9581463725;B
20240209;100016;0.024215000;10000;9581463727;B
20240209;100016;0.024210000;1270000;9581463730;S
20240209;100016;0.024200000;9580000;9581463731;S
20240209;100016;0.024200000;60000;9581463732;S
20240209;100016;0.024200000;190000;9581463733;S
20240209;100016;0.024200000;2030000;9581463734;S
20240209;100016;0.024200000;2990000;9581463735;S
20240209;100016;0.024200000;10850000;9581463736;S
20240209;100016;0.024210000;10000;9581463743;B
20240209;100016;0.024200000;33200000;9581463744;S
20240209;100016;0.024200000;1000000;9581463745;S
20240209;100016;0.024200000;10000;9581463746;S
20240209;100016;0.024200000;30000;9581463747;S
20240209;100016;0.024200000;70000;9581463748;S
20240209;100016;0.024200000;10000;9581463749;S
20240209;100016;0.024200000;10000;9581463750;S
20240209;100016;0.024200000;5000000;9581463751;S
20240209;100016;0.024200000;400000;9581463752;S
20240209;100016;0.024200000;60000;9581463753;S
20240209;100016;0.024200000;40000;9581463754;S
20240209;100016;0.024200000;100000;9581463755;S
20240209;100016;0.024200000;250000;9581463756;S
20240209;100016;0.024200000;40000;9581463757;S
20240209;100016;0.024200000;10000;9581463758;S
20240209;100016;0.024200000;140000;9581463759;S
20240209;100016;0.024200000;40000;9581463760;S
20240209;100016;0.024200000;50000;9581463761;S
20240209;100016;0.024200000;10000;9581463762;S
20240209;100016;0.024200000;50000;9581463763;S
20240209;100016;0.024200000;10000;9581463764;S
20240209;100016;0.024200000;210000;9581463765;S
20240209;100016;0.024200000;300000;9581463766;S
20240209;100016;0.024200000;100000;9581463767;S
20240209;100016;0.024200000;10000;9581463768;S
20240209;100016;0.024200000;50000;9581463769;S
20240209;100016;0.024200000;10000;9581463770;S
20240209;100016;0.024200000;10000;9581463771;S
20240209;100016;0.024200000;90000;9581463772;S
20240209;100016;0.024200000;20000;9581463773;S
20240209;100016;0.024200000;1000000;9581463774;S
20240209;100016;0.024200000;500000;9581463775;S
20240209;100016;0.024200000;20000;9581463776;S
20240209;100016;0.024200000;20000;9581463777;S
20240209;100016;0.024200000;200000;9581463778;S
20240209;100016;0.024200000;10000;9581463779;S
20240209;100016;0.024200000;30000;9581463780;S
20240209;100016;0.024200000;300000;9581463781;S
20240209;100016;0.024200000;300000;9581463782;S
20240209;100016;0.024200000;40000;9581463783;S
20240209;100016;0.024200000;20000;9581463784;S
20240209;100016;0.024200000;10000;9581463785;S
20240209;100016;0.024200000;40000;9581463786;S
20240209;100016;0.024200000;1000000;9581463787;S
20240209;100016;0.024200000;2040000;9581463788;S
20240209;100016;0.024200000;50000;9581463789;S
20240209;100016;0.024200000;2500000;9581463790;S
20240209;100016;0.024200000;3000000;9581463791;S
20240209;100016;0.024200000;300000;9581463792;S
20240209;100016;0.024200000;2000000;9581463793;S
20240209;100016;0.024200000;10000;9581463794;S
20240209;100016;0.024200000;280000;9581463795;S
20240209;100016;0.024210000;10000;9581463797;B
20240209;100016;0.024200000;30000;9581463798;S
20240209;100016;0.024200000;690000;9581463801;S
20240209;100016;0.024200000;10000;9581463802;S
20240209;100016;0.024200000;300000;9581463803;S
20240209;100016;0.024200000;100000;9581463804;S
20240209;100016;0.024200000;50000;9581463805;S
20240209;100016;0.024200000;800000;9581463806;S
20240209;100016;0.024200000;10000000;9581463807;S
20240209;100016;0.024200000;200000;9581463808;S
20240209;100016;0.024200000;2000000;9581463809;S
20240209;100016;0.024200000;30000;9581463810;S
20240209;100016;0.024200000;5000000;9581463811;S
20240209;100016;0.024200000;500000;9581463812;S
20240209;100016;0.024200000;10000;9581463813;S
20240209;100016;0.024200000;10000;9581463814;S
20240209;100016;0.024200000;10000;9581463815;S
20240209;100016;0.024200000;10000;9581463816;S
20240209;100016;0.024200000;10000;9581463817;S
20240209;100016;0.024200000;10000000;9581463818;S
20240209;100016;0.024200000;1000000;9581463819;S
20240209;100016;0.024200000;10000;9581463820;S
20240209;100016;0.024200000;10000;9581463821;S
20240209;100016;0.024200000;50000;9581463822;S
20240209;100016;0.024200000;40000;9581463823;S
20240209;100016;0.024200000;10000;9581463824;S
20240209;100016;0.024200000;10000;9581463825;S
20240209;100016;0.024200000;100000;9581463826;S
20240209;100016;0.024200000;30000;9581463827;S
20240209;100016;0.024200000;10000;9581463828;S
20240209;100016;0.024200000;1450000;9581463829;S
20240209;100016;0.024200000;100000;9581463830;S
20240209;100016;0.024200000;20000;9581463831;S
20240209;100016;0.024200000;500000;9581463832;S
20240209;100016;0.024200000;20000;9581463833;S
20240209;100016;0.024200000;20000;9581463834;S
20240209;100016;0.024200000;410000;9581463835;S
20240209;100016;0.024200000;10000;9581463836;S
20240209;100016;0.024200000;10000;9581463837;S
20240209;100016;0.024200000;10000;9581463838;S
20240209;100016;0.024200000;10000;9581463839;S
20240209;100016;0.024200000;100000;9581463840;S
20240209;100016;0.024200000;10000;9581463841;S
20240209;100016;0.024200000;500000;9581463842;S
20240209;100016;0.024200000;500000;9581463843;S
20240209;100016;0.024200000;10000;9581463844;S
20240209;100016;0.024195000;10000;9581463845;S
20240209;100016;0.024195000;10000;9581463846;S
20240209;100016;0.024195000;100000;9581463847;S
20240209;100016;0.024195000;20000;9581463848;S
20240209;100016;0.024195000;200000;9581463849;S
20240209;100016;0.024195000;400000;9581463850;S
20240209;100016;0.024195000;200000;9581463851;S
20240209;100016;0.024195000;3000000;9581463852;S
20240209;100016;0.024195000;10000;9581463853;S
20240209;100016;0.024195000;5750000;9581463854;S
20240209;100016;0.024195000;1000000;9581463855;S
20240209;100016;0.024190000;200000;9581463856;S
20240209;100016;0.024190000;50000;9581463857;S
20240209;100016;0.024190000;10000;9581463858;S
20240209;100016;0.024190000;100000;9581463859;S
20240209;100016;0.024190000;20000;9581463860;S
20240209;100016;0.024190000;30000;9581463861;S
20240209;100016;0.024190000;400000;9581463862;S
20240209;100016;0.024190000;10000;9581463863;S
20240209;100016;0.024190000;5750000;9581463864;S
20240209;100016;0.024190000;1000000;9581463865;S
20240209;100016;0.024190000;12390000;9581463866;S
20240209;100016;0.024190000;40000000;9581463867;S
20240209;100016;0.024185000;10000;9581463868;S
20240209;100016;0.024185000;10000000;9581463869;S
20240209;100016;0.024185000;10000;9581463870;S
20240209;100016;0.024185000;18000000;9581463871;S
20240209;100016;0.024185000;1000000;9581463872;S
20240209;100016;0.024185000;30000;9581463873;S
20240209;100016;0.024185000;50000;9581463874;S
20240209;100016;0.024185000;500000;9581463875;S
20240209;100016;0.024185000;10000;9581463876;S
20240209;100016;0.024185000;10000;9581463877;S
20240209;100016;0.024185000;5750000;9581463878;S
20240209;100016;0.024185000;1000000;9581463879;S
20240209;100016;0.024180000;10000;9581463880;S
20240209;100016;0.024180000;20000;9581463881;S
20240209;100016;0.024180000;100000;9581463882;S
20240209;100016;0.024180000;150000;9581463883;S
20240209;100016;0.024180000;20000;9581463884;S
20240209;100016;0.024180000;10000;9581463885;S
20240209;100016;0.024180000;260000;9581463886;S
20240209;100016;0.024180000;100000;9581463887;S
20240209;100016;0.024180000;30000;9581463888;S
20240209;100016;0.024180000;300000;9581463889;S
20240209;100016;0.024180000;1500000;9581463890;S
20240209;100016;0.024180000;2000000;9581463891;S
20240209;100016;0.024180000;10000;9581463892;S
20240209;100016;0.024180000;5750000;9581463893;S
20240209;100016;0.024180000;1000000;9581463894;S
20240209;100016;0.024180000;7500000;9581463895;S
20240209;100016;0.024175000;50000;9581463896;S
20240209;100016;0.024175000;1000000;9581463897;S
20240209;100016;0.024175000;10000;9581463898;S
20240209;100016;0.024175000;1000000;9581463899;S
20240209;100016;0.024175000;10000;9581463900;S
20240209;100016;0.024175000;10000;9581463901;S
20240209;100016;0.024175000;5750000;9581463902;S
20240209;100016;0.024175000;2000000;9581463903;S
20240209;100016;0.024175000;1000000;9581463904;S
20240209;100016;0.024170000;2100000;9581463905;S
20240209;100016;0.024170000;10000;9581463906;S
20240209;100016;0.024170000;100000;9581463907;S
20240209;100016;0.024170000;70000;9581463908;S
20240209;100016;0.024170000;10000;9581463909;S
20240209;100016;0.024170000;100000;9581463910;S
20240209;100016;0.024170000;50000;9581463911;S
20240209;100016;0.024170000;250000;9581463912;S
20240209;100016;0.024170000;10000;9581463913;S
20240209;100016;0.024170000;10000;9581463914;S
20240209;100016;0.024170000;200000;9581463915;S
20240209;100016;0.024170000;10000;9581463916;S
20240209;100016;0.024170000;5750000;9581463917;S
20240209;100016;0.024170000;1000000;9581463918;S
20240209;100016;0.024165000;130000;9581463919;S
20240209;100016;0.024165000;50000;9581463920;S
20240209;100016;0.024165000;10000;9581463921;S
20240209;100016;0.024165000;1200000;9581463922;S
20240209;100016;0.024165000;10000;9581463923;S
20240209;100016;0.024165000;10000;9581463924;S
20240209;100016;0.024165000;5750000;9581463925;S
20240209;100016;0.024165000;2000000;9581463926;S
20240209;100016;0.024165000;1000000;9581463927;S
20240209;100016;0.024160000;100000;9581463928;S
20240209;100016;0.024160000;100000;9581463929;S
20240209;100016;0.024160000;1000000;9581463930;S
20240209;100016;0.024160000;80000;9581463931;S
20240209;100016;0.024160000;1000000;9581463932;S
20240209;100016;0.024160000;10000;9581463933;S
20240209;100016;0.024160000;30000;9581463934;S
20240209;100016;0.024160000;2050000;9581463935;S
20240209;100016;0.024160000;10000;9581463936;S
20240209;100016;0.024160000;5490000;9581463937;S
20240209;100016;0.024190000;50000;9581463938;S
20240209;100016;0.024210000;100000;9581463939;B
20240209;100016;0.024180000;250000;9581463940;S
20240209;100016;0.024180000;3880000;9581463941;S
20240209;100016;0.024175000;3120000;9581463942;S
20240209;100016;0.024175000;11810000;9581463943;S
20240209;100016;0.024165000;210000;9581463944;S
20240209;100016;0.024165000;500000;9581463945;S
20240209;100016;0.024165000;290000;9581463946;S
20240209;100016;0.024165000;230000;9581463947;S
20240209;100016;0.024165000;5520000;9581463948;S
20240209;100016;0.024160000;4510000;9581463949;S
20240209;100016;0.024160000;200000;9581463950;S
20240209;100016;0.024160000;10000;9581463951;S
20240209;100016;0.024160000;5750000;9581463952;S
20240209;100016;0.024160000;1000000;9581463953;S
20240209;100016;0.024155000;2000000;9581463954;S
20240209;100016;0.024155000;10000;9581463955;S
20240209;100016;0.024155000;10000;9581463956;S
20240209;100016;0.024155000;100000;9581463957;S
20240209;100016;0.024155000;10000;9581463958;S
20240209;100016;0.024155000;10000;9581463959;S
20240209;100016;0.024155000;2870000;9581463960;S
20240209;100016;0.024155000;350000;9581463961;S
20240209;100016;0.024155000;9280000;9581463962;S
20240209;100016;0.024155000;50000;9581463963;S
20240209;100016;0.024155000;100000;9581463964;S
20240209;100016;0.024155000;570000;9581463965;S
20240209;100016;0.024155000;50000;9581463966;S
20240209;100016;0.024155000;750000;9581463967;S
20240209;100016;0.024200000;50000;9581463968;B
20240209;100016;0.024190000;50000;9581463969;S
20240209;100016;0.024155000;1130000;9581463970;S
20240209;100016;0.024155000;10000;9581463971;S
20240209;100016;0.024155000;10000;9581463972;S
20240209;100016;0.024155000;3280000;9581463973;S
20240209;100016;0.024180000;10000;9581463974;B
20240209;100016;0.024165000;800000;9581463979;S
20240209;100016;0.024165000;6700000;9581463980;S
20240209;100016;0.024165000;12370000;9581463981;S
20240209;100016;0.024160000;10000000;9581463982;S
20240209;100016;0.024160000;930000;9581463983;S
20240209;100016;0.024160000;400000;9581463984;S
20240209;100016;0.024160000;630000;9581463985;S
20240209;100016;0.024170000;5750000;9581463986;S
20240209;100016;0.024160000;3790000;9581463987;S
20240209;100016;0.024160000;2310000;9581463988;S
20240209;100016;0.024160000;1060000;9581463989;S
20240209;100016;0.024165000;4050000;9581463990;B
20240209;100016;0.024175000;10000;9581463991;B
20240209;100016;0.024180000;1990000;9581463992;B
20240209;100016;0.024180000;1000000;9581463993;B
20240209;100016;0.024180000;2010000;9581463994;B
20240209;100016;0.024165000;750000;9581463995;S
20240209;100016;0.024160000;500000;9581463996;S
20240209;100016;0.024165000;1000000;9581463997;B
20240209;100016;0.024170000;1000000;9581463998;B
20240209;100016;0.024175000;6100000;9581463999;S
20240209;100016;0.024175000;1800000;9581464000;S
20240209;100016;0.024170000;2200000;9581464001;S
20240209;100016;0.024170000;200000;9581464002;S
20240209;100016;0.024170000;1010000;9581464006;S
20240209;100016;0.024175000;40000;9581464009;B
20240209;100016;0.024175000;10000;9581464031;B
20240209;100016;0.024170000;1590000;9581464032;S
20240209;100016;0.024170000;100000;9581464033;S
20240209;100016;0.024160000;1000000;9581464034;S
20240209;100016;0.024160000;2310000;9581464035;S
20240209;100016;0.024175000;950000;9581464036;B
20240209;100016;0.024180000;50000;9581464037;B
20240209;100016;0.024165000;30000;9581464038;S
20240209;100016;0.024175000;10000;9581464041;B
20240209;100016;0.024175000;400000;9581464052;B
20240209;100016;0.024175000;10000;9581464053;B
20240209;100016;0.024175000;20000;9581464054;B
20240209;100016;0.024165000;160000;9581464055;S
20240209;100016;0.024160000;3340000;9581464056;S
20240209;100016;0.024175000;10000;9581464059;B
20240209;100016;0.024175000;100000;9581464061;B
20240209;100016;0.024160000;60000;9581464067;S
20240209;100016;0.024175000;100000;9581464087;B
20240209;100016;0.024160000;500000;9581464088;S
20240209;100016;0.024175000;10000;9581464093;B
20240209;100016;0.024175000;340000;9581464105;B
20240209;100016;0.024180000;660000;9581464106;B
20240209;100016;0.024175000;10000;9581464111;B
20240209;100016;0.024175000;10000;9581464112;B
20240209;100016;0.024160000;1990000;9581464113;S
20240209;100016;0.024160000;10000;9581464114;S
20240209;100016;0.024175000;100000;9581464212;B
20240209;100016;0.024175000;10000;9581464234;B
20240209;100016;0.024175000;10000;9581464235;B
20240209;100016;0.024160000;5000000;9581464238;S
20240209;100016;0.024160000;4130000;9581464242;S
20240209;100016;0.024160000;1750000;9581464243;S
20240209;100016;0.024175000;10000;9581464244;B
20240209;100016;0.024175000;20000;9581464246;B
20240209;100016;0.024175000;10000;9581464249;B
20240209;100016;0.024175000;500000;9581464253;B
20240209;100016;0.024175000;100000;9581464257;B
20240209;100016;0.024175000;50000;9581464263;B
20240209;100016;0.024175000;40000;9581464268;B
20240209;100016;0.024175000;10000;9581464271;B
20240209;100016;0.024175000;40000;9581464272;B
20240209;100016;0.024175000;20000;9581464275;B
20240209;100016;0.024175000;20000;9581464276;B
20240209;100016;0.024160000;5000000;9581464282;S
20240209;100016;0.024175000;40000;9581464283;B
20240209;100016;0.024180000;960000;9581464284;B
20240209;100016;0.024160000;1000000;9581464286;S
20240209;100016;0.024160000;400000;9581464287;S
20240209;100016;0.024175000;10000;9581464288;B
20240209;100016;0.024175000;10000;9581464289;B
20240209;100016;0.024160000;410000;9581464309;S
20240209;100016;0.024175000;50000;9581464316;B
20240209;100016;0.024160000;3000000;9581464319;S
20240209;100016;0.024175000;30000;9581464322;B
20240209;100016;0.024160000;350000;9581464324;S
20240209;100016;0.024175000;30000;9581464328;B
20240209;100016;0.024160000;3440000;9581464338;S
20240209;100016;0.024175000;20000;9581464357;B
20240209;100016;0.024160000;8580000;9581464367;S
20240209;100016;0.024160000;1420000;9581464368;S
20240209;100016;0.024175000;850000;9581464372;B
20240209;100016;0.024180000;150000;9581464373;B
20240209;100017;0.024175000;1000000;9581464387;B
20240209;100017;0.024180000;4170000;9581464388;B
20240209;100017;0.024180000;1000000;9581464389;B
20240209;100017;0.024180000;20000;9581464390;B
20240209;100017;0.024160000;2000000;9581464412;S
20240209;100017;0.024160000;1000000;9581464416;S
20240209;100017;0.024160000;3000000;9581464417;S
20240209;100017;0.024175000;50000;9581464430;B
20240209;100017;0.024175000;50000;9581464431;B
20240209;100017;0.024160000;1800000;9581464435;S
20240209;100017;0.024175000;10000;9581464437;B
20240209;100017;0.024160000;7570000;9581464445;S
20240209;100017;0.024160000;4130000;9581464446;S
20240209;100017;0.024160000;1000000;9581464447;S
20240209;100017;0.024155000;2470000;9581464448;S
20240209;100017;0.024155000;40000;9581464449;S
20240209;100017;0.024155000;2000000;9581464450;S
20240209;100017;0.024155000;790000;9581464451;S
20240209;100017;0.024175000;100000;9581464452;B
20240209;100017;0.024160000;10000000;9581464481;S
20240209;100017;0.024160000;4020000;9581464489;S
20240209;100017;0.024175000;50000;9581464490;B
20240209;100017;0.024175000;500000;9581464494;B
20240209;100017;0.024175000;220000;9581464496;B
20240209;100017;0.024175000;20000;9581464497;B
20240209;100017;0.024175000;470000;9581464498;B
20240209;100017;0.024175000;30000;9581464499;B
20240209;100017;0.024180000;30000;9581464500;B
20240209;100017;0.024180000;20000;9581464501;B
20240209;100017;0.024160000;2000000;9581464502;S
20240209;100017;0.024175000;440000;9581464503;S
20240209;100017;0.024160000;6350000;9581464504;S
20240209;100017;0.024160000;4130000;9581464505;S
20240209;100017;0.024155000;11600000;9581464506;S
20240209;100017;0.024155000;1000000;9581464507;S
20240209;100017;0.024155000;5750000;9581464508;S
20240209;100017;0.024150000;10000;9581464509;S
20240209;100017;0.024150000;30000;9581464510;S
20240209;100017;0.024150000;500000;9581464511;S
20240209;100017;0.024150000;100000;9581464512;S
20240209;100017;0.024150000;50000;9581464513;S
20240209;100017;0.024150000;100000;9581464514;S
20240209;100017;0.024150000;700000;9581464515;S
20240209;100017;0.024150000;10000;9581464516;S
20240209;100017;0.024150000;100000;9581464517;S
20240209;100017;0.024150000;100000;9581464518;S
20240209;100017;0.024150000;10000;9581464519;S
20240209;100017;0.024150000;40000;9581464520;S
20240209;100017;0.024150000;1500000;9581464521;S
20240209;100017;0.024150000;100000;9581464522;S
20240209;100017;0.024150000;20000;9581464523;S
20240209;100017;0.024150000;10000;9581464524;S
20240209;100017;0.024150000;10000;9581464525;S
20240209;100017;0.024150000;10000;9581464526;S
20240209;100017;0.024150000;100000;9581464527;S
20240209;100017;0.024150000;30000;9581464528;S
20240209;100017;0.024150000;10000;9581464529;S
20240209;100017;0.024150000;10000;9581464530;S
20240209;100017;0.024150000;10000;9581464531;S
20240209;100017;0.024150000;10000;9581464532;S
20240209;100017;0.024150000;10000;9581464533;S
20240209;100017;0.024150000;10000;9581464534;S
20240209;100017;0.024150000;30000;9581464535;S
20240209;100017;0.024150000;20000;9581464536;S
20240209;100017;0.024150000;20000;9581464537;S
20240209;100017;0.024150000;10000;9581464538;S
20240209;100017;0.024150000;50000;9581464539;S
20240209;100017;0.024150000;20000;9581464540;S
20240209;100017;0.024150000;50000;9581464541;S
20240209;100017;0.024150000;50000;9581464542;S
20240209;100017;0.024150000;10000;9581464543;S
20240209;100017;0.024150000;40000;9581464544;S
20240209;100017;0.024150000;10000;9581464545;S
20240209;100017;0.024150000;50000;9581464546;S
20240209;100017;0.024150000;200000;9581464547;S
20240209;100017;0.024150000;20000;9581464548;S
20240209;100017;0.024150000;20000;9581464549;S
20240209;100017;0.024150000;10000;9581464550;S
20240209;100017;0.024150000;410000;9581464551;S
20240209;100017;0.024150000;30000;9581464552;S
20240209;100017;0.024150000;10000;9581464553;S
20240209;100017;0.024150000;10000;9581464554;S
20240209;100017;0.024150000;850000;9581464555;S
20240209;100017;0.024150000;10000;9581464556;S
20240209;100017;0.024150000;10000000;9581464557;S
20240209;100017;0.024150000;30000;9581464558;S
20240209;100017;0.024150000;500000;9581464559;S
20240209;100017;0.024150000;300000;9581464560;S
20240209;100017;0.024150000;20000;9581464561;S
20240209;100017;0.024150000;410000;9581464562;S
20240209;100017;0.024150000;10000;9581464563;S
20240209;100017;0.024150000;5750000;9581464564;S
20240209;100017;0.024150000;40000;9581464565;S
20240209;100017;0.024150000;1000000;9581464566;S
20240209;100017;0.024150000;2000000;9581464567;S
20240209;100017;0.024145000;10000;9581464568;S
20240209;100017;0.024145000;20000;9581464569;S
20240209;100017;0.024145000;210000;9581464570;S
20240209;100017;0.024145000;10000;9581464571;S
20240209;100017;0.024145000;30000;9581464572;S
20240209;100017;0.024145000;20000;9581464573;S
20240209;100017;0.024145000;10000;9581464574;S
20240209;100017;0.024145000;10000;9581464575;S
20240209;100017;0.024145000;40000;9581464576;S
20240209;100017;0.024145000;160000;9581464577;S
20240209;100017;0.024145000;10000;9581464578;S
20240209;100017;0.024145000;10000;9581464579;S
20240209;100017;0.024145000;5750000;9581464580;S
20240209;100017;0.024145000;1000000;9581464581;S
20240209;100017;0.024140000;20000;9581464582;S
20240209;100017;0.024140000;50000;9581464583;S
20240209;100017;0.024140000;100000;9581464584;S
20240209;100017;0.024140000;10000;9581464585;S
20240209;100017;0.024140000;10000;9581464586;S
20240209;100017;0.024140000;10000;9581464587;S
20240209;100017;0.024140000;40000;9581464588;S
20240209;100017;0.024140000;50000;9581464589;S
20240209;100017;0.024140000;1000000;9581464590;S
20240209;100017;0.024140000;10000000;9581464591;S
20240209;100017;0.024140000;300000;9581464592;S
20240209;100017;0.024140000;10000;9581464593;S
20240209;100017;0.024140000;5750000;9581464594;S
20240209;100017;0.024140000;1000000;9581464595;S
20240209;100017;0.024140000;1000000;9581464596;B
20240209;100017;0.024140000;500000;9581464597;B
20240209;100017;0.024140000;98190000;9581464598;B
20240209;100017;0.024140000;6780000;9581464599;B
20240209;100017;0.024140000;4430000;9581464600;B
20240209;100017;0.024140000;5000000;9581464601;B
20240209;100017;0.024140000;100000;9581464605;B
20240209;100017;0.024135000;10000;9581464606;S
20240209;100017;0.024135000;1510000;9581464607;S
20240209;100017;0.024140000;20000;9581464610;B
20240209;100017;0.024135000;3320000;9581464611;S
20240209;100017;0.024135000;2000000;9581464612;S
20240209;100017;0.024140000;2000000;9581464614;B
20240209;100017;0.024135000;3170000;9581464615;S
20240209;100017;0.024135000;60000;9581464616;S
20240209;100017;0.024135000;10000;9581464617;S
20240209;100017;0.024135000;770000;9581464618;S
20240209;100017;0.024135000;1000000;9581464620;S
20240209;100017;0.024135000;3230000;9581464622;S
20240209;100017;0.024135000;10000;9581464623;S
20240209;100017;0.024135000;10000;9581464624;S
20240209;100017;0.024135000;1900000;9581464625;S
20240209;100017;0.024135000;12370000;9581464626;S
20240209;100017;0.024130000;10000;9581464627;S
20240209;100017;0.024130000;10000;9581464628;S
20240209;100017;0.024130000;100000;9581464629;S
20240209;100017;0.024130000;2000000;9581464630;S
20240209;100017;0.024130000;10000;9581464631;S
20240209;100017;0.024130000;500000;9581464632;S
20240209;100017;0.024130000;1000000;9581464633;S
20240209;100017;0.024130000;620000;9581464634;S
20240209;100017;0.024130000;500000;9581464635;S
20240209;100017;0.024130000;1000000;9581464636;S
20240209;100017;0.024130000;10000;9581464637;S
20240209;100017;0.024130000;6720000;9581464638;S
20240209;100017;0.024130000;10000;9581464639;S
20240209;100017;0.024140000;10000;9581464640;B
20240209;100017;0.024140000;500000;9581464642;B
20240209;100017;0.024135000;60000;9581464646;S
20240209;100017;0.024135000;40000;9581464648;S
20240209;100017;0.024130000;360000;9581464649;S
20240209;100017;0.024130000;500000;9581464650;S
20240209;100017;0.024140000;1300000;9581464654;B
20240209;100017;0.024135000;150000;9581464663;B
20240209;100017;0.024125000;10000;9581464664;S
20240209;100017;0.024125000;50000;9581464665;S
20240209;100017;0.024125000;10000;9581464666;S
20240209;100017;0.024125000;600000;9581464667;S
20240209;100017;0.024125000;10000;9581464668;S
20240209;100017;0.024125000;10000;9581464669;S
20240209;100017;0.024125000;560000;9581464670;S
20240209;100017;0.024135000;130000;9581464671;B
20240209;100017;0.024135000;100000;9581464672;B
20240209;100017;0.024135000;620000;9581464674;B
20240209;100017;0.024135000;680000;9581464675;B
20240209;100017;0.024125000;1440000;9581464676;S
20240209;100017;0.024120000;100000;9581464677;S
20240209;100017;0.024120000;10000;9581464678;S
20240209;100017;0.024120000;10000;9581464679;S
20240209;100017;0.024120000;10000;9581464680;S
20240209;100017;0.024120000;10000;9581464681;S
20240209;100017;0.024120000;150000;9581464682;S
20240209;100017;0.024120000;110000;9581464683;S
20240209;100017;0.024120000;30000;9581464684;S
20240209;100017;0.024120000;130000;9581464685;S
20240209;100017;0.024125000;30000;9581464695;B
20240209;100017;0.024120000;40000;9581464697;S
20240209;100017;0.024125000;50000;9581464698;B
20240209;100017;0.024125000;20000;9581464699;B
20240209;100017;0.024120000;830000;9581464700;S
20240209;100017;0.024120000;290000;9581464701;S
20240209;100017;0.024120000;3710000;9581464710;S
20240209;100017;0.024120000;10000;9581464711;S
20240209;100017;0.024120000;100000;9581464712;S
20240209;100017;0.024120000;1180000;9581464713;S
20240209;100017;0.024125000;3100000;9581464714;B
20240209;100017;0.024125000;1000000;9581464715;B
20240209;100017;0.024130000;1000000;9581464716;B
20240209;100017;0.024130000;4900000;9581464717;B
20240209;100017;0.024130000;850000;9581464719;B
20240209;100017;0.024130000;1000000;9581464720;B
20240209;100017;0.024135000;1000000;9581464721;B
20240209;100017;0.024135000;1640000;9581464722;B
20240209;100017;0.024135000;5750000;9581464723;B
20240209;100017;0.024135000;2760000;9581464724;B
20240209;100017;0.024130000;20000;9581464725;B
20240209;100017;0.024135000;50000;9581464727;B
20240209;100017;0.024135000;950000;9581464729;B
20240209;100017;0.024135000;450000;9581464730;B
20240209;100017;0.024135000;20000;9581464731;B
20240209;100017;0.024135000;500000;9581464733;B
20240209;100017;0.024135000;50000;9581464737;B
20240209;100017;0.024135000;30000;9581464738;B
20240209;100017;0.024120000;2310000;9581464743;S
20240209;100017;0.024120000;1000000;9581464744;S
20240209;100017;0.024120000;12370000;9581464745;S
20240209;100017;0.024115000;10000;9581464746;S
20240209;100017;0.024115000;400000;9581464747;S
20240209;100017;0.024115000;10000;9581464748;S
20240209;100017;0.024115000;3900000;9581464749;S
20240209;100017;0.024115000;30000;9581464750;S
20240209;100017;0.024135000;30000;9581464755;B
20240209;100017;0.024115000;70000;9581464760;S
20240209;100017;0.024135000;1500000;9581464766;B
20240209;100017;0.024135000;50000;9581464767;B
20240209;100017;0.024135000;10000;9581464769;B
20240209;100017;0.024115000;400000;9581464774;S
20240209;100017;0.024115000;5600000;9581464775;S
20240209;100017;0.024115000;10000;9581464776;S
20240209;100017;0.024115000;150000;9581464777;S
20240209;100017;0.024115000;150000;9581464778;S
20240209;100017;0.024115000;6090000;9581464779;S
20240209;100017;0.024115000;3330000;9581464780;S
20240209;100017;0.024115000;2490000;9581464788;S
20240209;100017;0.024115000;1500000;9581464789;S
20240209;100017;0.024135000;3110000;9581464795;B
20240209;100017;0.024135000;260000;9581464796;B
20240209;100017;0.024135000;40000;9581464797;B
20240209;100017;0.024115000;8000000;9581464811;S
20240209;100017;0.024130000;10000;9581464812;B
20240209;100017;0.024130000;300000;9581464813;B
20240209;100017;0.024115000;1000000;9581464814;S
20240209;100017;0.024130000;10000;9581464819;B
20240209;100017;0.024130000;220000;9581464820;B
20240209;100017;0.024130000;150000;9581464823;B
20240209;100017;0.024130000;10000;9581464835;B
20240209;100017;0.024130000;40000;9581464858;B
20240209;100017;0.024130000;10000;9581464878;B
20240209;100017;0.024130000;20000;9581464879;B
20240209;100017;0.024115000;20000;9581464892;S
20240209;100017;0.024130000;10000;9581464893;B
20240209;100017;0.024115000;130000;9581464900;S
20240209;100017;0.024115000;10000;9581464902;S
20240209;100017;0.024115000;1620000;9581464903;S
20240209;100017;0.024115000;440000;9581464906;S
20240209;100017;0.024115000;9150000;9581464907;S
20240209;100017;0.024115000;2850000;9581464908;S
20240209;100017;0.024115000;200000;9581464909;S
20240209;100017;0.024115000;10000;9581464911;S
20240209;100017;0.024130000;4970000;9581464913;B
20240209;100017;0.024130000;1000000;9581464914;B
20240209;100017;0.024135000;700000;9581464915;B
20240209;100017;0.024135000;4600000;9581464916;B
20240209;100017;0.024115000;400000;9581464935;S
20240209;100017;0.024115000;10000;9581464937;S
20240209;100017;0.024115000;1600000;9581464940;S
20240209;100017;0.024130000;100000;9581464942;B
20240209;100017;0.024130000;900000;9581464949;B
20240209;100017;0.024130000;100000;9581464950;B
20240209;100017;0.024115000;5800000;9581464954;S
20240209;100017;0.024115000;2870000;9581464955;S
20240209;100017;0.024130000;150000;9581464963;B
20240209;100017;0.024130000;10000;9581464968;B
20240209;100017;0.024130000;500000;9581464970;B
20240209;100017;0.024115000;60000;9581464980;S
20240209;100017;0.024115000;4070000;9581464984;S
20240209;100017;0.024110000;20000;9581464985;S
20240209;100017;0.024110000;400000;9581464986;S
20240209;100017;0.024110000;10000;9581464987;S
20240209;100017;0.024110000;10000;9581464988;S
20240209;100017;0.024110000;500000;9581464989;S
20240209;100017;0.024110000;10000;9581464990;S
20240209;100017;0.024110000;2900000;9581464991;S
20240209;100017;0.024110000;10000;9581464992;S
20240209;100017;0.024110000;4410000;9581464993;S
20240209;100017;0.024130000;2500000;9581464997;B
20240209;100017;0.024110000;3090000;9581464998;S
20240209;100017;0.024110000;1000000;9581464999;S
20240209;100017;0.024105000;10000;9581465000;S
20240209;100017;0.024105000;10000;9581465001;S
20240209;100017;0.024105000;30000;9581465002;S
20240209;100017;0.024105000;200000;9581465003;S
20240209;100017;0.024105000;50000;9581465004;S
20240209;100017;0.024105000;100000;9581465005;S
20240209;100017;0.024105000;10000;9581465006;S
20240209;100017;0.024105000;30000;9581465007;S
20240209;100017;0.024105000;100000;9581465008;S
20240209;100017;0.024105000;50000;9581465009;S
20240209;100017;0.024105000;1000000;9581465010;S
20240209;100017;0.024105000;10000;9581465011;S
20240209;100017;0.024105000;10000;9581465012;S
20240209;100017;0.024105000;50000;9581465013;S
20240209;100017;0.024105000;1000000;9581465014;S
20240209;100017;0.024105000;2000000;9581465015;S
20240209;100017;0.024105000;1000000;9581465016;S
20240209;100017;0.024105000;4600000;9581465017;S
20240209;100017;0.024105000;650000;9581465018;S
20240209;100017;0.024105000;200000;9581465029;S
20240209;100017;0.024130000;1000000;9581465031;B
20240209;100017;0.024130000;100000;9581465032;B
20240209;100017;0.024105000;180000;9581465033;S
20240209;100017;0.024105000;540000;9581465035;S
20240209;100017;0.024105000;1000000;9581465036;S
20240209;100017;0.024100000;30000;9581465037;S
20240209;100017;0.024100000;10000;9581465038;S
20240209;100017;0.024100000;460000;9581465039;S
20240209;100017;0.024100000;10000;9581465040;S
20240209;100017;0.024100000;20000;9581465041;S
20240209;100017;0.024100000;10000;9581465042;S
20240209;100017;0.024100000;10000;9581465043;S
20240209;100017;0.024100000;50000;9581465044;S
20240209;100017;0.024100000;10000;9581465045;S
20240209;100017;0.024100000;100000;9581465046;S
20240209;100017;0.024100000;10000;9581465047;S
20240209;100017;0.024100000;10000;9581465048;S
20240209;100017;0.024100000;500000;9581465049;S
20240209;100017;0.024100000;3230000;9581465050;S
20240209;100017;0.024100000;16770000;9581465051;S
20240209;100017;0.024100000;10000;9581465052;S
20240209;100017;0.024100000;10000;9581465053;S
20240209;100017;0.024100000;10000;9581465054;S
20240209;100017;0.024100000;10000;9581465055;S
20240209;100017;0.024100000;400000;9581465056;S
20240209;100017;0.024100000;1000000;9581465057;S
20240209;100017;0.024100000;10000;9581465058;S
20240209;100017;0.024100000;10000;9581465059;S
20240209;100017;0.024100000;10000;9581465060;S
20240209;100017;0.024100000;10000;9581465061;S
20240209;100017;0.024100000;10000;9581465062;S
20240209;100017;0.024100000;10000;9581465063;S
20240209;100017;0.024100000;10000;9581465064;S
20240209;100017;0.024100000;10000;9581465065;S
20240209;100017;0.024100000;150000;9581465066;S
20240209;100017;0.024100000;400000;9581465067;S
20240209;100017;0.024100000;10000;9581465068;S
20240209;100017;0.024100000;100000;9581465069;S
20240209;100017;0.024100000;500000;9581465070;S
20240209;100017;0.024100000;80000;9581465071;S
20240209;100017;0.024100000;50000;9581465072;S
20240209;100017;0.024100000;400000;9581465073;S
20240209;100017;0.024100000;50000;9581465074;S
20240209;100017;0.024100000;10000;9581465075;S
20240209;100017;0.024100000;10000;9581465076;S
20240209;100017;0.024100000;10000;9581465077;S
20240209;100017;0.024100000;10000;9581465078;S
20240209;100017;0.024100000;50000;9581465079;S
20240209;100017;0.024100000;10000;9581465080;S
20240209;100017;0.024100000;500000;9581465081;S
20240209;100017;0.024100000;20000000;9581465082;S
20240209;100017;0.024100000;1000000;9581465083;S
20240209;100017;0.024100000;370000;9581465084;S
20240209;100017;0.024100000;3000000;9581465085;S
20240209;100017;0.024105000;1000000;9581465088;S
20240209;100017;0.024100000;5000000;9581465089;S
20240209;100017;0.024130000;20000;9581465090;B
20240209;100017;0.024105000;610000;9581465095;S
20240209;100017;0.024105000;390000;9581465096;S
20240209;100017;0.024100000;220000;9581465097;S
20240209;100017;0.024130000;100000;9581465105;B
20240209;100017;0.024105000;1000000;9581465106;S
20240209;100017;0.024100000;9140000;9581465107;S
20240209;100017;0.024130000;10000;9581465116;B
20240209;100017;0.024130000;200000;9581465119;B
20240209;100017;0.024130000;500000;9581465121;B
20240209;100017;0.024120000;100000;9581465122;S
20240209;100017;0.024110000;1000000;9581465123;B
20240209;100017;0.024115000;100000;9581465124;B
20240209;100017;0.024110000;1000000;9581465125;B
20240209;100017;0.024115000;400000;9581465126;B
20240209;100017;0.024115000;2000000;9581465127;B
20240209;100017;0.024115000;500000;9581465129;B
20240209;100017;0.024100000;3000000;9581465130;S
20240209;100017;0.024100000;4000000;9581465133;S
20240209;100018;0.024100000;4700000;9581465140;S
20240209;100018;0.024115000;100000;9581465141;B
20240209;100018;0.024100000;330000;9581465143;S
20240209;100018;0.024110000;50000;9581465160;B
20240209;100018;0.024115000;680000;9581465162;B
20240209;100018;0.024115000;60000;9581465163;B
20240209;100018;0.024115000;60000;9581465164;B
20240209;100018;0.024115000;1000000;9581465165;B
20240209;100018;0.024120000;100000;9581465179;B
20240209;100018;0.024120000;10000;9581465182;B
20240209;100018;0.024120000;20000;9581465184;B
20240209;100018;0.024110000;20000;9581465195;S
20240209;100018;0.024110000;1360000;9581465202;S
20240209;100018;0.024120000;20000;9581465208;B
20240209;100018;0.024120000;30000;9581465209;B
20240209;100018;0.024120000;10000;9581465210;B
20240209;100018;0.024120000;10000;9581465213;B
20240209;100018;0.024105000;1000000;9581465214;S
20240209;100018;0.024100000;1560000;9581465215;S
20240209;100018;0.024115000;20000;9581465216;B
20240209;100018;0.024115000;90000;9581465217;B
20240209;100018;0.024115000;290000;9581465220;B
20240209;100018;0.024115000;1000000;9581465221;B
20240209;100018;0.024120000;800000;9581465222;B
20240209;100018;0.024125000;910000;9581465223;B
20240209;100018;0.024120000;150000;9581465224;B
20240209;100018;0.024105000;20000;9581465225;S
20240209;100018;0.024120000;10000;9581465226;B
20240209;100018;0.024120000;150000;9581465229;B
20240209;100018;0.024120000;50000;9581465296;B
20240209;100018;0.024105000;120000;9581465297;S
20240209;100018;0.024105000;860000;9581465298;S
20240209;100018;0.024100000;270000;9581465299;S
20240209;100018;0.024105000;1000000;9581465300;S
20240209;100018;0.024100000;3200000;9581465301;S
20240209;100018;0.024120000;10000;9581465302;B
20240209;100018;0.024100000;210000;9581465303;S
20240209;100018;0.024100000;10000;9581465304;S
20240209;100018;0.024100000;60000;9581465305;S
20240209;100018;0.024100000;10000;9581465306;S
20240209;100018;0.024100000;1250000;9581465307;S
20240209;100018;0.024100000;160000;9581465308;S
20240209;100018;0.024120000;200000;9581465309;B
20240209;100018;0.024120000;40000;9581465310;B
20240209;100018;0.024120000;10000;9581465314;B
20240209;100018;0.024105000;500000;9581465315;S
20240209;100018;0.024105000;300000;9581465316;S
20240209;100018;0.024120000;10000;9581465317;B
20240209;100018;0.024120000;20000;9581465318;B
20240209;100018;0.024105000;200000;9581465319;S
20240209;100018;0.024100000;300000;9581465320;S
20240209;100018;0.024105000;1000000;9581465321;S
20240209;100018;0.024120000;20000;9581465323;B
20240209;100018;0.024120000;330000;9581465325;B
20240209;100018;0.024125000;90000;9581465326;B
20240209;100018;0.024125000;80000;9581465327;B
20240209;100018;0.024125000;10000;9581465328;B
20240209;100018;0.024105000;1000000;9581465329;S
20240209;100018;0.024100000;4540000;9581465330;S
20240209;100018;0.024100000;20000;9581465331;S
20240209;100018;0.024100000;1000000;9581465332;S
20240209;100018;0.024100000;600000;9581465333;S
20240209;100018;0.024100000;10000;9581465334;S
20240209;100018;0.024100000;1000000;9581465335;S
20240209;100018;0.024100000;10000;9581465336;S
20240209;100018;0.024100000;1820000;9581465337;S
20240209;100018;0.024100000;1200000;9581465338;S
20240209;100018;0.024100000;400000;9581465341;S
20240209;100018;0.024120000;1000000;9581465344;B
20240209;100018;0.024125000;990000;9581465345;B
20240209;100018;0.024120000;10000;9581465346;B
20240209;100018;0.024120000;10000;9581465347;B
20240209;100018;0.024120000;10000;9581465349;B
20240209;100018;0.024105000;1000000;9581465361;S
20240209;100018;0.024100000;1000000;9581465362;S
20240209;100018;0.024120000;30000;9581465365;B
20240209;100018;0.024120000;170000;9581465377;B
20240209;100018;0.024120000;10000;9581465379;B
20240209;100018;0.024120000;50000;9581465384;B
20240209;100018;0.024120000;200000;9581465387;B
20240209;100018;0.024120000;50000;9581465391;B
20240209;100018;0.024120000;20000;9581465392;B
20240209;100018;0.024120000;20000;9581465399;B
20240209;100018;0.024120000;420000;9581465405;B
20240209;100018;0.024120000;20000;9581465406;B
20240209;100018;0.024125000;60000;9581465407;B
20240209;100018;0.024120000;10000;9581465409;B
20240209;100018;0.024115000;10000;9581465410;S
20240209;100018;0.024100000;490000;9581465411;S
20240209;100018;0.024120000;300000;9581465420;B
20240209;100018;0.024120000;300000;9581465421;B
20240209;100018;0.024115000;300000;9581465426;S
20240209;100018;0.024100000;3200000;9581465427;S
20240209;100018;0.024105000;200000;9581465428;S
20240209;100018;0.024120000;100000;9581465429;B
20240209;100018;0.024105000;800000;9581465435;S
20240209;100018;0.024100000;1200000;9581465436;S
20240209;100018;0.024100000;400000;9581465437;S
20240209;100018;0.024120000;290000;9581465457;B
20240209;100018;0.024120000;100000;9581465458;B
20240209;100018;0.024125000;110000;9581465459;B
20240209;100018;0.024100000;20000;9581465463;S
20240209;100018;0.024120000;1000000;9581465464;B
20240209;100018;0.024125000;2000000;9581465465;B
20240209;100018;0.024105000;1000000;9581465475;S
20240209;100018;0.024120000;20000;9581465477;B
20240209;100018;0.024120000;10000;9581465492;B
20240209;100018;0.024120000;500000;9581465498;B
20240209;100018;0.024120000;10000;9581465499;B
20240209;100018;0.024120000;10000;9581465500;B
20240209;100018;0.024110000;10000;9581465503;S
20240209;100018;0.024110000;20000;9581465504;S
20240209;100018;0.024100000;270000;9581465505;S
20240209;100018;0.024100000;1000000;9581465506;S
20240209;100018;0.024100000;10000;9581465507;S
20240209;100018;0.024100000;190000;9581465508;S
20240209;100018;0.024120000;30000;9581465514;B
20240209;100018;0.024120000;100000;9581465517;B
20240209;100018;0.024105000;10000;9581465523;S
20240209;100018;0.024120000;20000;9581465528;B
20240209;100018;0.024105000;10000;9581465529;S
20240209;100018;0.024105000;200000;9581465535;S
20240209;100018;0.024120000;10000;9581465553;B
20240209;100018;0.024105000;150000;9581465561;S
20240209;100018;0.024105000;80000;9581465562;S
20240209;100018;0.024105000;20000;9581465563;S
20240209;100018;0.024105000;2030000;9581465565;S
20240209;100018;0.024105000;1000000;9581465566;S
20240209;100018;0.024105000;30000;9581465567;S
20240209;100018;0.024100000;110000;9581465568;S
20240209;100018;0.024100000;400000;9581465569;S
20240209;100018;0.024100000;10000;9581465570;S
20240209;100018;0.024100000;100000;9581465571;S
20240209;100018;0.024100000;250000;9581465572;S
20240209;100018;0.024100000;1000000;9581465573;S
20240209;100018;0.024100000;5070000;9581465574;S
20240209;100018;0.024100000;4930000;9581465575;S
20240209;100018;0.024100000;100000;9581465576;S
20240209;100018;0.024100000;100000;9581465577;S
20240209;100018;0.024100000;110000;9581465578;S
20240209;100018;0.024100000;10000;9581465579;S
20240209;100018;0.024100000;3730000;9581465580;S
20240209;100018;0.024100000;10000;9581465581;S
20240209;100018;0.024100000;20000;9581465582;S
20240209;100018;0.024100000;10000;9581465583;S
20240209;100018;0.024100000;10000;9581465584;S
20240209;100018;0.024100000;30000;9581465585;S
20240209;100018;0.024100000;30000;9581465586;S
20240209;100018;0.024100000;10000;9581465587;S
20240209;100018;0.024100000;100000;9581465588;S
20240209;100018;0.024100000;10000;9581465589;S
20240209;100018;0.024100000;20000;9581465590;S
20240209;100018;0.024100000;10000;9581465591;S
20240209;100018;0.024100000;1000000;9581465592;S
20240209;100018;0.024095000;10000;9581465593;S
20240209;100018;0.024095000;10000;9581465594;S
20240209;100018;0.024095000;1000000;9581465595;S
20240209;100018;0.024095000;10000;9581465596;S
20240209;100018;0.024095000;10000;9581465597;S
20240209;100018;0.024095000;1000000;9581465598;S
20240209;100018;0.024095000;220000;9581465599;S
20240209;100018;0.024100000;440000;9581465602;S
20240209;100018;0.024100000;5000000;9581465611;S
20240209;100018;0.024100000;10000000;9581465612;S
20240209;100018;0.024100000;100000;9581465613;S
20240209;100018;0.024095000;1000000;9581465614;S
20240209;100018;0.024090000;900000;9581465615;S
20240209;100018;0.024095000;1000000;9581465616;S
20240209;100018;0.024090000;6550000;9581465617;S
20240209;100018;0.024090000;1330000;9581465618;S
20240209;100018;0.024090000;700000;9581465619;S
20240209;100018;0.024100000;10000;9581465621;S
20240209;100018;0.024100000;10000;9581465622;S
20240209;100018;0.024095000;80000;9581465623;S
20240209;100019;0.024100000;10000;9581465680;S
20240209;100019;0.024100000;50000;9581465681;S
20240209;100019;0.024100000;30000;9581465682;S
20240209;100019;0.024100000;10000;9581465683;S
20240209;100019;0.024100000;60000;9581465688;S
20240209;100019;0.024120000;10000;9581465691;B
20240209;100019;0.024120000;100000;9581465692;B
20240209;100019;0.024100000;300000;9581465702;S
20240209;100019;0.024100000;640000;9581465703;S
20240209;100019;0.024100000;10000;9581465704;S
20240209;100019;0.024100000;1550000;9581465705;S
20240209;100019;0.024100000;100000;9581465706;S
20240209;100019;0.024100000;300000;9581465708;S
20240209;100019;0.024100000;50000;9581465720;S
20240209;100019;0.024100000;10000;9581465721;S
20240209;100019;0.024095000;190000;9581465722;S
20240209;100019;0.024095000;50000;9581465723;S
20240209;100019;0.024120000;40000;9581465725;B
20240209;100019;0.024095000;680000;9581465757;S
20240209;100019;0.024095000;4320000;9581465758;S
20240209;100019;0.024100000;10000;9581465761;S
20240209;100019;0.024095000;990000;9581465762;S
20240209;100019;0.024095000;400000;9581465777;S
20240209;100019;0.024095000;600000;9581465781;S
20240209;100019;0.024095000;10000000;9581465782;S
20240209;100019;0.024090000;36430000;9581465783;S
20240209;100019;0.024090000;100000;9581465784;S
20240209;100019;0.024090000;10000;9581465785;S
20240209;100019;0.024090000;10000;9581465786;S
20240209;100019;0.024090000;300000;9581465787;S
20240209;100019;0.024090000;4550000;9581465788;S
20240209;100019;0.024120000;10000;9581465791;B
20240209;100019;0.024120000;130000;9581465792;B
20240209;100019;0.024120000;5420000;9581465793;B
20240209;100019;0.024120000;10000;9581465795;B
20240209;100019;0.024095000;10000000;9581465796;S
20240209;100019;0.024090000;450000;9581465797;S
20240209;100019;0.024090000;10000;9581465798;S
20240209;100019;0.024090000;12410000;9581465799;S
20240209;100019;0.024090000;7500000;9581465800;S
20240209;100019;0.024090000;50000;9581465801;S
20240209;100019;0.024090000;40000;9581465802;S
20240209;100019;0.024085000;1540000;9581465803;S
20240209;100019;0.024100000;10000;9581465807;S
20240209;100019;0.024100000;30000;9581465808;S
20240209;100019;0.024100000;10000;9581465809;S
20240209;100019;0.024095000;1950000;9581465810;S
20240209;100019;0.024115000;10000;9581465811;B
20240209;100019;0.024100000;40000;9581465816;S
20240209;100019;0.024100000;30000;9581465817;S
20240209;100019;0.024095000;1430000;9581465818;S
20240209;100019;0.024090000;9000000;9581465819;S
20240209;100019;0.024115000;990000;9581465827;B
20240209;100019;0.024115000;1060000;9581465828;B
20240209;100019;0.024095000;1000000;9581465832;S
20240209;100019;0.024095000;850000;9581465833;S
20240209;100019;0.024090000;2000000;9581465839;S
20240209;100019;0.024090000;8000000;9581465847;S
20240209;100019;0.024085000;5000000;9581465848;S
20240209;100019;0.024090000;10000000;9581465850;S
20240209;100019;0.024085000;14000000;9581465851;S
20240209;100019;0.024100000;20000;9581465867;S
20240209;100019;0.024100000;10000;9581465868;S
20240209;100019;0.024090000;2980000;9581465869;S
20240209;100019;0.024115000;100000;9581465877;B
20240209;100019;0.024085000;250000;9581465894;S
20240209;100019;0.024115000;20000;9581465899;B
20240209;100019;0.024100000;900000;9581465903;B
20240209;100019;0.024095000;400000;9581465904;B
20240209;100019;0.024095000;600000;9581465905;B
20240209;100019;0.024100000;100000;9581465906;B
20240209;100019;0.024095000;200000;9581465907;S
20240209;100019;0.024095000;800000;9581465908;B
20240209;100019;0.024100000;70000;9581465909;B
20240209;100019;0.024100000;1000000;9581465910;B
20240209;100019;0.024105000;630000;9581465911;B
20240209;100019;0.024115000;150000;9581465913;B
20240209;100019;0.024110000;60000;9581465917;S
20240209;100019;0.024110000;40000;9581465928;S
20240209;100019;0.024110000;100000;9581465929;S
20240209;100019;0.024110000;100000;9581465930;S
20240209;100019;0.024110000;300000;9581465931;S
20240209;100019;0.024110000;230000;9581465932;S
20240209;100019;0.024110000;2770000;9581465937;S
20240209;100019;0.024115000;30000;9581465938;B
20240209;100019;0.024110000;2000000;9581465942;S
20240209;100019;0.024110000;200000;9581465943;S
20240209;100019;0.024110000;1000000;9581465944;S
20240209;100019;0.024105000;900000;9581465945;S
20240209;100019;0.024100000;1000000;9581465946;S
20240209;100019;0.024095000;1000000;9581465947;S
20240209;100019;0.024090000;1000000;9581465948;S
20240209;100019;0.024085000;4170000;9581465949;S
20240209;100019;0.024115000;4390000;9581465951;B
20240209;100019;0.024115000;1000000;9581465952;B
20240209;100019;0.024115000;2900000;9581465953;B
20240209;100019;0.024090000;1000000;9581465954;S
20240209;100019;0.024085000;4000000;9581465955;S
20240209;100019;0.024090000;1000000;9581465956;S
20240209;100019;0.024090000;80000;9581465957;B
20240209;100019;0.024090000;3920000;9581465958;B
20240209;100019;0.024090000;1000000;9581465959;B
20240209;100019;0.024110000;700000;9581465960;B
20240209;100019;0.024110000;5000000;9581465961;B
20240209;100019;0.024090000;1000000;9581465974;S
20240209;100019;0.024085000;360000;9581465975;S
20240209;100019;0.024085000;550000;9581465980;S
20240209;100019;0.024085000;660000;9581465982;S
20240209;100019;0.024085000;1850000;9581465983;S
20240209;100019;0.024105000;40000;9581465985;S
20240209;100019;0.024085000;2730000;9581465986;S
20240209;100019;0.024100000;10000;9581465987;S
20240209;100019;0.024115000;20000;9581466013;B
20240209;100019;0.024100000;30000;9581466015;S
20240209;100019;0.024115000;150000;9581466017;B
20240209;100019;0.024115000;50000;9581466029;B
20240209;100019;0.024100000;60000;9581466030;S
20240209;100019;0.024085000;1980000;9581466031;S
20240209;100019;0.024115000;10000;9581466032;B
20240209;100019;0.024115000;300000;9581466033;B
20240209;100019;0.024090000;800000;9581466074;S
20240209;100020;0.024115000;80000;9581466107;B
20240209;100020;0.024105000;10000;9581466110;S
20240209;100020;0.024095000;40000;9581466111;S
20240209;100020;0.024115000;10000;9581466125;B
20240209;100020;0.024095000;2110000;9581466126;S
20240209;100020;0.024095000;500000;9581466127;S
20240209;100020;0.024095000;800000;9581466133;S
20240209;100020;0.024095000;400000;9581466135;S
20240209;100020;0.024095000;150000;9581466161;S
20240209;100020;0.024090000;10000;9581466162;S
20240209;100020;0.024090000;340000;9581466163;S
20240209;100020;0.024090000;1000000;9581466165;S
20240209;100020;0.024090000;2000000;9581466169;S
20240209;100020;0.024115000;220000;9581466178;B
20240209;100020;0.024090000;200000;9581466203;S
20240209;100020;0.024090000;250000;9581466213;S
20240209;100020;0.024090000;50000;9581466232;S
20240209;100020;0.024090000;2000000;9581466235;S
20240209;100020;0.024090000;5000000;9581466236;S
20240209;100020;0.024115000;160000;9581466267;B
20240209;100020;0.024115000;5750000;9581466268;B
20240209;100020;0.024115000;4790000;9581466269;B
20240209;100020;0.024090000;600000;9581466275;S
20240209;100020;0.024110000;3200000;9581466311;S
20240209;100020;0.024110000;1000000;9581466313;S
20240209;100020;0.024110000;5000000;9581466336;S
20240209;100020;0.024110000;5000000;9581466337;S
20240209;100020;0.024110000;5000000;9581466338;S
20240209;100020;0.024110000;5000000;9581466339;S
20240209;100020;0.024110000;3000000;9581466340;S
20240209;100020;0.024110000;2500000;9581466341;S
20240209;100020;0.024115000;50000;9581466350;B
20240209;100020;0.024110000;3240000;9581466395;S
20240209;100021;0.024110000;5000000;9581466436;S
20240209;100021;0.024110000;2700000;9581466437;S
20240209;100021;0.024110000;3500000;9581466438;S
20240209;100021;0.024110000;1500000;9581466452;S
20240209;100021;0.024110000;5000000;9581466454;S
20240209;100021;0.024110000;5000000;9581466455;S
20240209;100021;0.024110000;5000000;9581466459;S
20240209;100021;0.024110000;5000000;9581466461;S
20240209;100021;0.024110000;5000000;9581466463;S
20240209;100021;0.024110000;5000000;9581466523;S
20240209;100021;0.024110000;2900000;9581466524;S
20240209;100021;0.024110000;1460000;9581466526;S
20240209;100021;0.024100000;30000;9581466527;S
20240209;100021;0.024100000;10000;9581466528;S
20240209;100021;0.024095000;10000;9581466529;S
20240209;100021;0.024095000;10000;9581466530;S
20240209;100021;0.024095000;620000;9581466531;B
20240209;100021;0.024095000;620000;9581466532;B
20240209;100021;0.024095000;60000;9581466533;B
20240209;100021;0.024095000;320000;9581466534;B
20240209;100021;0.024095000;440000;9581466535;B
20240209;100021;0.024095000;9560000;9581466536;B
20240209;100021;0.024095000;440000;9581466537;B
20240209;100021;0.024095000;560000;9581466538;B
20240209;100021;0.024095000;5000000;9581466539;B
20240209;100021;0.024100000;160000;9581466542;B
20240209;100021;0.024100000;60000;9581466543;B
20240209;100021;0.024115000;250000;9581466563;B
20240209;100021;0.024115000;20000;9581466565;B
20240209;100021;0.024090000;700000;9581466755;S
20240209;100021;0.024090000;9250000;9581466761;S
20240209;100022;0.024115000;500000;9581466897;B
20240209;100022;0.024115000;10000;9581466910;B
20240209;100022;0.024100000;170000;9581467042;S
20240209;100022;0.024095000;10000;9581467043;S
20240209;100022;0.024090000;470000;9581467044;S
20240209;100022;0.024090000;580000;9581467045;S
20240209;100022;0.024090000;500000;9581467046;S
20240209;100022;0.024115000;220000;9581467076;B
20240209;100022;0.024115000;5750000;9581467077;B
20240209;100022;0.024115000;4030000;9581467078;B
20240209;100022;0.024100000;20000;9581467124;S
20240209;100022;0.024095000;1000000;9581467125;B
20240209;100022;0.024095000;930000;9581467126;B
20240209;100022;0.024095000;70000;9581467127;B
20240209;100022;0.024095000;10000;9581467141;B
20240209;100022;0.024095000;990000;9581467142;B
20240209;100022;0.024095000;20000;9581467146;B
20240209;100022;0.024095000;980000;9581467147;B
20240209;100022;0.024095000;1000000;9581467168;B
20240209;100022;0.024100000;180000;9581467169;B
20240209;100022;0.024100000;820000;9581467170;B
20240209;100022;0.024105000;1000000;9581467171;B
20240209;100022;0.024105000;12440000;9581467172;B
20240209;100022;0.024105000;5750000;9581467173;B
20240209;100022;0.024110000;190000;9581467174;B
20240209;100022;0.024110000;350000;9581467175;B
20240209;100022;0.024110000;10000;9581467209;S
20240209;100022;0.024090000;4060000;9581467210;S
20240209;100022;0.024090000;30000;9581467211;S
20240209;100022;0.024090000;30000;9581467212;S
20240209;100022;0.024090000;100000;9581467213;S
20240209;100022;0.024090000;100000;9581467214;S
20240209;100022;0.024090000;100000;9581467215;S
20240209;100022;0.024090000;70000;9581467216;S
20240209;100023;0.024085000;2100000;9581467297;S
20240209;100023;0.024105000;30000;9581467307;B
20240209;100023;0.024105000;100000;9581467332;B
20240209;100023;0.024085000;1500000;9581467379;S
20240209;100023;0.024095000;300000;9581467381;B
20240209;100023;0.024095000;100000;9581467385;B
20240209;100023;0.024095000;10000;9581467388;B
20240209;100023;0.024095000;590000;9581467389;B
20240209;100023;0.024100000;500000;9581467390;B
20240209;100023;0.024100000;910000;9581467391;B
20240209;100023;0.024085000;1020000;9581467393;S
20240209;100023;0.024085000;990000;9581467394;S
20240209;100023;0.024090000;10000000;9581467395;B
20240209;100023;0.024090000;10000;9581467396;B
20240209;100023;0.024090000;990000;9581467397;B
20240209;100023;0.024085000;330000;9581467398;S
20240209;100023;0.024085000;2530000;9581467399;S
20240209;100023;0.024085000;400000;9581467400;S
20240209;100023;0.024085000;10000;9581467401;S
20240209;100023;0.024085000;2560000;9581467402;S
20240209;100023;0.024085000;50000;9581467403;S
20240209;100023;0.024085000;900000;9581467404;S
20240209;100023;0.024085000;30000;9581467457;S
20240209;100023;0.024100000;90000;9581467515;B
20240209;100023;0.024105000;870000;9581467516;B
20240209;100023;0.024105000;10000;9581467517;B
20240209;100023;0.024105000;20000;9581467518;B
20240209;100023;0.024105000;5750000;9581467519;B
20240209;100023;0.024110000;3260000;9581467520;B
20240209;100023;0.024105000;50000;9581467539;B
20240209;100023;0.024105000;200000;9581467557;B
20240209;100023;0.024105000;750000;9581467559;B
20240209;100023;0.024110000;9250000;9581467560;B
20240209;100024;0.024110000;40000;9581467605;B
20240209;100024;0.024110000;960000;9581467621;B
20240209;100024;0.024110000;5750000;9581467622;B
20240209;100024;0.024110000;12450000;9581467623;B
20240209;100024;0.024115000;1000000;9581467624;B
20240209;100024;0.024115000;4680000;9581467625;B
20240209;100024;0.024110000;1000000;9581467628;B
20240209;100024;0.024110000;5750000;9581467629;B
20240209;100024;0.024115000;1070000;9581467630;B
20240209;100024;0.024115000;17020000;9581467631;B
20240209;100024;0.024110000;1000000;9581467632;B
20240209;100024;0.024115000;13900000;9581467633;B
20240209;100024;0.024115000;1000000;9581467634;B
20240209;100024;0.024115000;5750000;9581467635;B
20240209;100024;0.024120000;320000;9581467636;B
20240209;100024;0.024120000;800000;9581467637;B
20240209;100024;0.024120000;1000000;9581467638;B
20240209;100024;0.024120000;6230000;9581467639;B
20240209;100024;0.024115000;5750000;9581467640;B
20240209;100024;0.024120000;12180000;9581467641;B
20240209;100024;0.024120000;5750000;9581467642;B
20240209;100024;0.024125000;1180000;9581467643;B
20240209;100024;0.024120000;5750000;9581467648;B
20240209;100024;0.024125000;1320000;9581467649;B
20240209;100024;0.024125000;1500000;9581467650;B
20240209;100024;0.024125000;1430000;9581467651;B
20240209;100024;0.024125000;550000;9581467701;B
20240209;100024;0.024125000;2100000;9581467702;B
20240209;100024;0.024125000;350000;9581467703;B
20240209;100024;0.024125000;10000;9581467758;B
20240209;100025;0.024125000;50000;9581467895;B
20240209;100025;0.024100000;1000000;9581467926;S
20240209;100025;0.024100000;410000;9581467927;S
20240209;100025;0.024095000;20000;9581467928;S
20240209;100025;0.024095000;270000;9581467929;S
20240209;100025;0.024125000;30000;9581467936;B
20240209;100025;0.024100000;300000;9581467941;S
20240209;100025;0.024100000;700000;9581467948;S
20240209;100025;0.024095000;730000;9581467949;S
20240209;100025;0.024095000;440000;9581467950;S
20240209;100025;0.024105000;10000;9581468003;S
20240209;100025;0.024100000;490000;9581468004;S
20240209;100025;0.024125000;500000;9581468037;B
20240209;100025;0.024125000;10000;9581468054;B
20240209;100025;0.024105000;1000000;9581468056;S
20240209;100025;0.024105000;1770000;9581468062;S
20240209;100026;0.024105000;100000;9581468126;S
20240209;100026;0.024105000;500000;9581468128;S
20240209;100026;0.024105000;2290000;9581468175;S
20240209;100026;0.024125000;10000;9581468198;B
20240209;100026;0.024110000;180000;9581468207;S
20240209;100027;0.024125000;20000;9581468239;B
20240209;100027;0.024110000;820000;9581468243;S
20240209;100027;0.024105000;680000;9581468244;S
20240209;100027;0.024105000;3000000;9581468245;S
20240209;100027;0.024120000;10000;9581468257;B
20240209;100027;0.024120000;40000;9581468335;B
20240209;100028;0.024120000;10000;9581468444;B
20240209;100028;0.024120000;80000;9581468484;B
20240209;100028;0.024110000;1000000;9581468495;S
20240209;100028;0.024110000;2000000;9581468496;S
20240209;100028;0.024105000;1000000;9581468497;S
20240209;100028;0.024105000;800000;9581468498;S
20240209;100028;0.024100000;510000;9581468499;S
20240209;100028;0.024100000;20000000;9581468500;S
20240209;100028;0.024100000;500000;9581468501;S
20240209;100028;0.024095000;9560000;9581468502;S
20240209;100028;0.024095000;1000000;9581468503;S
20240209;100028;0.024095000;1000000;9581468504;S
20240209;100028;0.024095000;5750000;9581468505;S
20240209;100028;0.024090000;1000000;9581468506;S
20240209;100028;0.024090000;5750000;9581468507;S
20240209;100028;0.024090000;130000;9581468508;S
20240209;100028;0.024115000;20000;9581468516;B
20240209;100028;0.024115000;20000;9581468538;B
20240209;100028;0.024110000;1000000;9581468666;S
20240209;100028;0.024110000;1000000;9581468667;S
20240209;100028;0.024105000;230000;9581468668;S
20240209;100028;0.024105000;770000;9581468689;S
20240209;100028;0.024100000;200000;9581468690;S
20240209;100028;0.024100000;1000000;9581468691;S
20240209;100028;0.024100000;590000;9581468692;S
20240209;100028;0.024095000;1000000;9581468693;S
20240209;100028;0.024095000;8620000;9581468694;S
20240209;100028;0.024095000;170000;9581468695;S
20240209;100028;0.024115000;10000;9581468699;B
20240209;100028;0.024115000;40000;9581468700;B
20240209;100028;0.024115000;960000;9581468740;B
20240209;100028;0.024115000;20000;9581468741;B
20240209;100028;0.024120000;60000;9581468742;B
20240209;100028;0.024120000;1000000;9581468743;B
20240209;100028;0.024120000;10390000;9581468744;B
20240209;100028;0.024115000;160000;9581468751;B
20240209;100029;0.024115000;840000;9581468778;B
20240209;100029;0.024120000;4160000;9581468779;B
20240209;100029;0.024105000;280000;9581468780;S
20240209;100029;0.024125000;11460000;9581468809;B
20240209;100029;0.024125000;970000;9581468810;B
20240209;100029;0.024105000;720000;9581468848;S
20240209;100029;0.024100000;4280000;9581468849;S
20240209;100029;0.024125000;30000;9581468862;B
20240209;100029;0.024125000;4970000;9581468863;B
20240209;100030;0.024115000;30000;9581469169;B
20240209;100030;0.024115000;30000;9581469220;B
20240209;100031;0.024115000;50000;9581469287;B
20240209;100031;0.024110000;10000;9581469297;B
20240209;100031;0.024115000;10000;9581469383;B
20240209;100031;0.024115000;10000;9581469421;B
20240209;100032;0.024115000;10000;9581469472;S
20240209;100032;0.024120000;10000;9581469476;B
20240209;100032;0.024125000;940000;9581469621;B
20240209;100032;0.024115000;480000;9581469647;S
20240209;100032;0.024115000;50000;9581469648;S
20240209;100032;0.024115000;110000;9581469649;S
20240209;100032;0.024120000;100000;9581469705;B
20240209;100032;0.024125000;9230000;9581469706;B
20240209;100032;0.024125000;700000;9581469732;B
20240209;100032;0.024125000;300000;9581469738;B
20240209;100033;0.024130000;10000;9581469875;B
20240209;100033;0.024130000;10000;9581469912;B
20240209;100033;0.024130000;50000;9581469914;B
20240209;100033;0.024125000;4700000;9581469958;S
20240209;100033;0.024125000;1000000;9581469959;S
20240209;100033;0.024120000;1000000;9581469960;S
20240209;100033;0.024120000;1000000;9581469961;S
20240209;100033;0.024115000;1000000;9581469962;S
20240209;100033;0.024115000;2000000;9581469963;S
20240209;100033;0.024110000;6000000;9581469964;S
20240209;100033;0.024110000;1000000;9581469965;S
20240209;100033;0.024105000;1000000;9581469966;S
20240209;100033;0.024105000;960000;9581469967;S
20240209;100033;0.024110000;1000000;9581469974;S
20240209;100033;0.024110000;6000000;9581469975;S
20240209;100033;0.024105000;5040000;9581469976;S
20240209;100033;0.024105000;27340000;9581469977;S
20240209;100033;0.024105000;1000000;9581469978;S
20240209;100033;0.024100000;1000000;9581469979;S
20240209;100033;0.024100000;6000000;9581469980;S
20240209;100033;0.024100000;5000000;9581469981;S
20240209;100033;0.024100000;50000;9581469982;S
20240209;100033;0.024100000;12440000;9581469983;S
20240209;100033;0.024100000;5750000;9581469984;S
20240209;100033;0.024100000;10000;9581469985;S
20240209;100033;0.024100000;80000;9581469986;B
20240209;100033;0.024100000;19290000;9581469987;B
20240209;100033;0.024105000;1000000;9581469988;B
20240209;100033;0.024125000;10000;9581470020;B
20240209;100034;0.024125000;50000;9581470031;B
20240209;100034;0.024125000;50000;9581470033;B
20240209;100034;0.024125000;10000;9581470062;B
20240209;100034;0.024125000;2500000;9581470078;B
20240209;100034;0.024120000;10000;9581470185;S
20240209;100035;0.024125000;2000000;9581470237;B
20240209;100035;0.024120000;10000;9581470295;S
20240209;100035;0.024125000;1380000;9581470380;B
20240209;100035;0.024125000;1000000;9581470381;B
20240209;100035;0.024125000;2620000;9581470382;B
20240209;100035;0.024120000;20000;9581470399;S
20240209;100035;0.024115000;50000;9581470400;S
20240209;100036;0.024125000;20000;9581470412;B
20240209;100036;0.024110000;100000;9581470464;S
20240209;100036;0.024125000;2500000;9581470517;B
20240209;100036;0.024110000;100000;9581470549;S
20240209;100036;0.024110000;220000;9581470562;S
20240209;100036;0.024125000;10000;9581470603;B
20240209;100036;0.024125000;10000;9581470614;B
20240209;100036;0.024125000;100000;9581470618;B
20240209;100037;0.024125000;10000;9581470628;B
20240209;100037;0.024125000;20000;9581470649;B
20240209;100037;0.024120000;500000;9581470673;S
20240209;100037;0.024110000;100000;9581470677;S
20240209;100037;0.024125000;30000;9581470688;B
20240209;100037;0.024125000;10000;9581470689;B
20240209;100037;0.024110000;40000;9581470731;S
20240209;100037;0.024110000;100000;9581470770;S
20240209;100037;0.024110000;4340000;9581470801;S
20240209;100037;0.024110000;1000000;9581470802;S
20240209;100037;0.024110000;10000;9581470803;S
20240209;100037;0.024110000;2500000;9581470804;S
20240209;100037;0.024105000;4000000;9581470805;S
20240209;100037;0.024105000;5000000;9581470806;S
20240209;100037;0.024105000;1000000;9581470807;S
20240209;100037;0.024105000;100000;9581470808;S
20240209;100037;0.024105000;6000000;9581470809;S
20240209;100037;0.024105000;1000000;9581470810;S
20240209;100037;0.024100000;3000000;9581470811;S
20240209;100037;0.024100000;1800000;9581470812;S
20240209;100037;0.024100000;1000000;9581470813;S
20240209;100037;0.024100000;6000000;9581470814;S
20240209;100037;0.024100000;100000;9581470815;S
20240209;100037;0.024100000;100000;9581470816;S
20240209;100037;0.024095000;1000000;9581470817;S
20240209;100037;0.024095000;6000000;9581470818;S
20240209;100037;0.024095000;8000000;9581470819;S
20240209;100037;0.024095000;100000;9581470820;S
20240209;100037;0.024095000;100000;9581470821;S
20240209;100037;0.024095000;1850000;9581470822;S
20240209;100038;0.024110000;50000;9581470889;S
20240209;100038;0.024095000;1000000;9581470890;S
20240209;100038;0.024090000;1000000;9581470891;S
20240209;100038;0.024090000;5750000;9581470892;S
20240209;100038;0.024090000;6000000;9581470893;S
20240209;100038;0.024090000;30790000;9581470894;S
20240209;100038;0.024090000;12430000;9581470895;S
20240209;100038;0.024085000;6460000;9581470896;S
20240209;100038;0.024085000;250000;9581470897;S
20240209;100038;0.024085000;10000;9581470898;S
20240209;100038;0.024085000;20000;9581470899;S
20240209;100038;0.024085000;10000;9581470900;S
20240209;100038;0.024085000;1000000;9581470901;S
20240209;100038;0.024085000;5750000;9581470902;S
20240209;100038;0.024085000;250000;9581470903;S
20240209;100038;0.024085000;6000000;9581470904;S
20240209;100038;0.024085000;1000000;9581470905;S
20240209;100038;0.024085000;100000000;9581470906;S
20240209;100038;0.024085000;100000;9581470907;S
20240209;100038;0.024085000;100000;9581470908;S
20240209;100038;0.024080000;10000;9581470909;S
20240209;100038;0.024080000;20000;9581470910;S
20240209;100038;0.024100000;100000;9581470922;B
20240209;100038;0.024100000;900000;9581470948;B
20240209;100038;0.024100000;6000000;9581470949;B
20240209;100038;0.024100000;2100000;9581470950;B
20240209;100038;0.024095000;1000000;9581470955;B
20240209;100038;0.024080000;480000;9581470999;S
20240209;100038;0.024080000;200000;9581471000;S
20240209;100038;0.024080000;100000;9581471001;S
20240209;100038;0.024080000;10000;9581471002;S
20240209;100038;0.024080000;1000000;9581471003;S
20240209;100038;0.024080000;10000;9581471004;S
20240209;100038;0.024080000;190000;9581471005;S
20240209;100038;0.024080000;100000;9581471036;S
20240209;100039;0.024095000;930000;9581471044;B
20240209;100039;0.024095000;50000;9581471065;B
20240209;100039;0.024085000;400000;9581471088;S
20240209;100039;0.024095000;20000;9581471093;B
20240209;100039;0.024100000;3980000;9581471094;B
20240209;100039;0.024095000;1000000;9581471104;B
20240209;100039;0.024100000;3920000;9581471105;B
20240209;100039;0.024100000;1000000;9581471106;B
20240209;100039;0.024100000;500000;9581471145;S
20240209;100039;0.024110000;1000000;9581471171;S
20240209;100039;0.024120000;1000000;9581471198;B
20240209;100039;0.024120000;3000000;9581471199;B
20240209;100039;0.024120000;400000;9581471200;B
20240209;100040;0.024120000;260000;9581471324;B
20240209;100040;0.024110000;1000000;9581471331;S
20240209;100040;0.024100000;100000;9581471337;S
20240209;100040;0.024100000;100000;9581471340;S
20240209;100040;0.024100000;100000;9581471353;S
20240209;100040;0.024100000;100000;9581471356;S
20240209;100040;0.024100000;100000;9581471366;S
20240209;100040;0.024100000;400000;9581471371;S
20240209;100040;0.024100000;100000;9581471394;S
20240209;100040;0.024110000;10000;9581471400;B
20240209;100040;0.024100000;100000;9581471407;S
20240209;100040;0.024100000;100000;9581471408;S
20240209;100040;0.024110000;320000;9581471421;B
20240209;100040;0.024110000;80000;9581471433;B
20240209;100040;0.024100000;100000;9581471455;S
20240209;100040;0.024110000;5590000;9581471458;B
20240209;100040;0.024110000;1000000;9581471459;B
20240209;100040;0.024110000;2690000;9581471460;B
20240209;100041;0.024110000;20000;9581471479;B
20240209;100041;0.024100000;100000;9581471486;S
20240209;100041;0.024100000;100000;9581471516;S
20240209;100041;0.024100000;100000;9581471519;S
20240209;100041;0.024100000;100000;9581471526;S
20240209;100041;0.024100000;100000;9581471527;S
20240209;100041;0.024100000;100000;9581471546;S
20240209;100041;0.024105000;1000000;9581471606;S
20240209;100041;0.024100000;100000;9581471633;S
20240209;100042;0.024100000;100000;9581471687;S
20240209;100042;0.024100000;100000;9581471706;S
20240209;100042;0.024100000;100000;9581471715;S
20240209;100042;0.024100000;100000;9581471734;S
20240209;100042;0.024105000;40000;9581471739;B
20240209;100042;0.024105000;8960000;9581471740;B
20240209;100042;0.024105000;40000;9581471747;B
20240209;100042;0.024105000;560000;9581471748;B
20240209;100042;0.024110000;10000;9581471749;B
20240209;100042;0.024100000;9330000;9581471776;S
20240209;100042;0.024120000;2340000;9581471843;B
20240209;100042;0.024120000;5750000;9581471844;B
20240209;100042;0.024120000;1000000;9581471845;B
20240209;100042;0.024120000;910000;9581471846;B
20240209;100042;0.024105000;130000;9581471848;S
20240209;100043;0.024105000;870000;9581471903;S
20240209;100043;0.024100000;2070000;9581471904;S
20240209;100043;0.024105000;100000;9581471909;S
20240209;100043;0.024105000;100000;9581471910;S
20240209;100043;0.024105000;100000;9581471920;S
20240209;100043;0.024120000;10000000;9581471927;B
20240209;100043;0.024105000;100000;9581471938;S
20240209;100043;0.024105000;100000;9581471939;S
20240209;100043;0.024120000;20000;9581472015;B
20240209;100044;0.024120000;10000;9581472197;B
20240209;100044;0.024110000;10000;9581472320;S
20240209;100044;0.024120000;1000000;9581472324;B
20240209;100044;0.024120000;500000;9581472399;B
20240209;100044;0.024120000;1000000;9581472400;B
20240209;100044;0.024120000;5000000;9581472401;S
20240209;100044;0.024120000;5000000;9581472402;S
20240209;100044;0.024120000;5000000;9581472403;S
20240209;100044;0.024120000;1000000;9581472404;S
20240209;100044;0.024120000;100000;9581472472;S
20240209;100044;0.024120000;100000;9581472475;S
20240209;100044;0.024120000;1400000;9581472477;S
20240209;100045;0.024120000;100000;9581472503;S
20240209;100045;0.024120000;100000;9581472558;S
20240209;100045;0.024120000;100000;9581472577;S
20240209;100045;0.024125000;300000;9581472596;B
20240209;100045;0.024125000;1700000;9581472598;B
20240209;100045;0.024125000;12440000;9581472599;B
20240209;100045;0.024130000;5680000;9581472600;B
