<DATE>;<TIME>;<LAST>;<VOL>;<ID>;<OPER>
20240130;095958;0.024400000;250000;9478390139;S
20240130;095958;0.024400000;10000;9478390140;S
20240130;095958;0.024400000;200000;9478390141;S
20240130;095958;0.024400000;10000;9478390142;S
20240130;095958;0.024400000;20000;9478390143;S
20240130;095958;0.024400000;10000;9478390144;S
20240130;095958;0.024400000;10000;9478390145;S
20240130;095958;0.024400000;100000;9478390146;S
20240130;095958;0.024400000;110000;9478390147;S
20240130;095958;0.024400000;20000;9478390148;S
20240130;095958;0.024400000;550000;9478390149;S
20240130;095958;0.024400000;10000;9478390150;S
20240130;095958;0.024400000;10000;9478390151;S
20240130;095958;0.024400000;200000;9478390152;S
20240130;095958;0.024400000;1500000;9478390153;S
20240130;095958;0.024400000;10000;9478390154;S
20240130;095958;0.024400000;10000;9478390155;S
20240130;095958;0.024400000;280000;9478390156;S
20240130;095958;0.024400000;300000;9478390157;S
20240130;095958;0.024400000;4710000;9478390158;B
20240130;095958;0.024400000;60000;9478390159;S
20240130;095958;0.024400000;10000;9478390160;B
20240130;095958;0.024400000;10000;9478390161;B
20240130;095958;0.024400000;10000;9478390162;S
20240130;095958;0.024400000;10000;9478390163;B
20240130;095958;0.024400000;10000;9478390164;B
20240130;095958;0.024400000;10000;9478390165;B
20240130;095958;0.024400000;500000;9478390166;B
20240130;095958;0.024400000;10000;9478390167;B
20240130;095958;0.024400000;10000;9478390168;B
20240130;095958;0.024400000;60000;9478390169;B
20240130;095958;0.024400000;10000;9478390170;B
20240130;095958;0.024400000;10000;9478390171;B
20240130;095958;0.024400000;10000;9478390172;B
20240130;095958;0.024400000;10000;9478390173;B
20240130;095958;0.024400000;4400000;9478390174;B
20240130;095958;0.024400000;90000;9478390175;B
20240130;095958;0.024400000;10000;9478390176;B
20240130;095958;0.024400000;60000;9478390177;B
20240130;095958;0.024400000;260000;9478390178;B
20240130;095958;0.024400000;10000;9478390179;B
20240130;095958;0.024400000;40000;9478390180;B
20240130;095958;0.024400000;110000;9478390181;B
20240130;095958;0.024400000;10000;9478390182;S
20240130;095958;0.024400000;10000;9478390183;S
20240130;095958;0.024400000;10000;9478390184;S
20240130;095958;0.024400000;10000;9478390185;S
20240130;095958;0.024400000;20000;9478390186;S
20240130;095958;0.024400000;130000;9478390187;S
20240130;095958;0.024400000;80000;9478390188;S
20240130;095958;0.024400000;30000;9478390189;S
20240130;095958;0.024400000;10000;9478390190;S
20240130;095958;0.024400000;20000;9478390191;S
20240130;095958;0.024400000;30000;9478390192;S
20240130;095958;0.024400000;10000;9478390193;B
20240130;095958;0.024400000;90000;9478390194;B
20240130;095958;0.024400000;10000;9478390195;B
20240130;095958;0.024400000;10000;9478390196;B
20240130;095958;0.024400000;40000;9478390197;B
20240130;095958;0.024400000;30000;9478390198;B
20240130;095958;0.024400000;50000;9478390199;B
20240130;095958;0.024400000;6970000;9478390200;S
20240130;095958;0.024400000;20000;9478390201;S
20240130;095958;0.024400000;50000;9478390202;S
20240130;095958;0.024400000;20000;9478390203;S
20240130;095958;0.024400000;100000;9478390204;S
20240130;095958;0.024400000;50000;9478390205;S
20240130;095958;0.024400000;40000;9478390206;S
20240130;095958;0.024400000;20000;9478390207;S
20240130;095958;0.024400000;100000;9478390208;S
20240130;095958;0.024400000;30000;9478390209;B
20240130;095958;0.024400000;50000;9478390210;B
20240130;095958;0.024400000;2550000;9478390211;B
20240130;095958;0.024400000;10000;9478390212;B
20240130;095958;0.024400000;10000;9478390213;B
20240130;095958;0.024400000;10000;9478390214;B
20240130;095958;0.024400000;10000;9478390215;B
20240130;095958;0.024400000;2000000;9478390216;B
20240130;095958;0.024400000;50000;9478390217;B
20240130;095958;0.024400000;10000;9478390218;B
20240130;095958;0.024400000;510000;9478390219;B
20240130;095958;0.024400000;100000;9478390220;B
20240130;095958;0.024400000;50000;9478390221;B
20240130;095958;0.024400000;20000;9478390222;B
20240130;095958;0.024400000;60000;9478390223;S
20240130;095958;0.024400000;10000;9478390224;B
20240130;095958;0.024400000;500000;9478390225;B
20240130;095958;0.024400000;10000;9478390226;B
20240130;095958;0.024400000;10000;9478390227;B
20240130;095958;0.024400000;10000;9478390228;B
20240130;095958;0.024400000;10000;9478390229;B
20240130;095958;0.024400000;310000;9478390230;B
20240130;095958;0.024400000;5000000;9478390231;B
20240130;095958;0.024400000;10000;9478390232;B
20240130;095958;0.024400000;80000;9478390233;B
20240130;095958;0.024400000;1500000;9478390234;B
20240130;095958;0.024400000;10000;9478390235;B
20240130;095958;0.024400000;500000;9478390236;B
20240130;095958;0.024400000;2440000;9478390237;B
20240130;095958;0.024400000;7560000;9478390238;B
20240130;095958;0.024400000;10000000;9478390239;B
20240130;095958;0.024400000;20000;9478390240;B
20240130;095958;0.024400000;50000;9478390241;B
20240130;095958;0.024400000;20000;9478390242;B
20240130;095958;0.024400000;110000;9478390243;B
20240130;095958;0.024400000;3000000;9478390244;B
20240130;095958;0.024400000;3450000;9478390245;B
20240130;095958;0.024400000;19790000;9478390246;B
20240130;095958;0.024400000;10000;9478390247;B
20240130;095958;0.024400000;130000;9478390248;B
20240130;095958;0.024400000;200000;9478390249;S
20240130;095958;0.024400000;130000;9478390250;S
20240130;095958;0.024400000;10000;9478390251;B
20240130;095958;0.024400000;1000000;9478390252;B
20240130;095958;0.024400000;20000;9478390253;S
20240130;095958;0.024400000;6100000;9478390254;B
20240130;095958;0.024400000;5000000;9478390255;B
20240130;100000;0.024395000;4050000;9478390692;S
20240130;100000;0.024395000;4050000;9478391102;S
20240130;100000;0.024395000;4050000;9478391157;S
20240130;100000;0.024400000;20000;9478391165;B
20240130;100000;0.024395000;140000;9478391166;S
20240130;100000;0.024395000;3910000;9478391167;S
20240130;100000;0.024395000;4050000;9478391173;S
20240130;100000;0.024395000;4050000;9478391177;S
20240130;100000;0.024395000;4050000;9478391185;S
20240130;100000;0.024395000;4050000;9478391189;S
20240130;100000;0.024395000;4050000;9478391196;B
20240130;100000;0.024400000;950000;9478391197;B
20240130;100000;0.024390000;2000000;9478391203;B
20240130;100000;0.024390000;2000000;9478391204;B
20240130;100000;0.024390000;50000;9478391205;B
20240130;100000;0.024395000;1950000;9478391206;B
20240130;100000;0.024395000;1400000;9478391207;B
20240130;100000;0.024385000;80000;9478391208;S
20240130;100000;0.024395000;210000;9478391215;B
20240130;100000;0.024395000;2000000;9478391262;B
20240130;100000;0.024395000;5000000;9478391263;B
20240130;100000;0.024395000;620000;9478391267;B
20240130;100000;0.024395000;20000;9478391276;B
20240130;100001;0.024395000;4090000;9478391321;B
20240130;100001;0.024395000;110000;9478391322;B
20240130;100001;0.024385000;590000;9478391340;S
20240130;100001;0.024385000;10000;9478391412;S
20240130;100001;0.024385000;3050000;9478391427;S
20240130;100001;0.024395000;4000000;9478391589;B
20240130;100001;0.024395000;8210000;9478391639;B
20240130;100001;0.024395000;4110000;9478391640;B
20240130;100001;0.024395000;400000;9478391641;B
20240130;100001;0.024400000;66640000;9478391642;B
20240130;100001;0.024400000;180000;9478391643;B
20240130;100001;0.024400000;10000;9478391644;B
20240130;100001;0.024400000;100000;9478391645;B
20240130;100001;0.024400000;6000000;9478391646;B
20240130;100001;0.024400000;10000;9478391647;B
20240130;100001;0.024400000;10000;9478391648;B
20240130;100001;0.024400000;6000000;9478391649;B
20240130;100001;0.024405000;10000;9478391650;B
20240130;100001;0.024405000;6000000;9478391651;B
20240130;100001;0.024405000;12290000;9478391652;B
20240130;100001;0.024410000;50000;9478391653;B
20240130;100001;0.024410000;6000000;9478391654;B
20240130;100001;0.024415000;20000;9478391655;B
20240130;100001;0.024415000;20000;9478391656;B
20240130;100001;0.024415000;10000;9478391657;B
20240130;100001;0.024415000;6000000;9478391658;B
20240130;100001;0.024415000;16000000;9478391659;B
20240130;100001;0.024420000;100000;9478391660;B
20240130;100001;0.024420000;1000000;9478391661;B
20240130;100001;0.024420000;1000000;9478391662;B
20240130;100001;0.024420000;1000000;9478391663;B
20240130;100001;0.024420000;1000000;9478391664;B
20240130;100001;0.024420000;1000000;9478391665;B
20240130;100001;0.024420000;5000000;9478391666;B
20240130;100001;0.024420000;1000000;9478391667;B
20240130;100001;0.024420000;6000000;9478391668;B
20240130;100001;0.024420000;11670000;9478391669;B
20240130;100001;0.024425000;20540000;9478391670;B
20240130;100001;0.024425000;30000;9478391671;B
20240130;100001;0.024425000;10000;9478391672;B
20240130;100001;0.024425000;20000000;9478391673;B
20240130;100001;0.024425000;11670000;9478391674;B
20240130;100001;0.024425000;6000000;9478391675;B
20240130;100001;0.024425000;4100000;9478391676;B
20240130;100001;0.024430000;200000;9478391677;B
20240130;100001;0.024430000;30000;9478391678;B
20240130;100001;0.024430000;50000;9478391679;B
20240130;100001;0.024430000;11670000;9478391680;B
20240130;100001;0.024430000;6000000;9478391681;B
20240130;100001;0.024435000;500000;9478391682;B
20240130;100001;0.024435000;8880000;9478391683;B
20240130;100001;0.024435000;10000;9478391684;B
20240130;100001;0.024435000;680000;9478391685;B
20240130;100001;0.024435000;3000000;9478391686;B
20240130;100001;0.024435000;10000;9478391687;B
20240130;100001;0.024435000;9780000;9478391688;B
20240130;100001;0.024435000;1890000;9478391770;B
20240130;100001;0.024435000;15400000;9478391771;B
20240130;100001;0.024435000;4710000;9478391772;B
20240130;100001;0.024405000;4060000;9478391779;S
20240130;100001;0.024410000;3490000;9478391786;S
20240130;100001;0.024430000;40000;9478391798;B
20240130;100001;0.024410000;600000;9478391803;S
20240130;100001;0.024410000;10000;9478391969;S
20240130;100001;0.024410000;1900000;9478392013;S
20240130;100001;0.024405000;4100000;9478392014;S
20240130;100001;0.024410000;10000;9478392075;S
20240130;100001;0.024410000;10000;9478392084;S
20240130;100001;0.024410000;100000;9478392090;S
20240130;100001;0.024425000;850000;9478392298;B
20240130;100001;0.024430000;4150000;9478392299;B
20240130;100002;0.024410000;10000;9478392418;S
20240130;100002;0.024405000;1600000;9478392482;S
20240130;100002;0.024405000;3500000;9478392596;S
20240130;100002;0.024405000;900000;9478392619;S
20240130;100002;0.024405000;2410000;9478392620;S
20240130;100002;0.024420000;870000;9478392707;B
20240130;100002;0.024420000;20000;9478392708;B
20240130;100002;0.024405000;600000;9478392710;S
20240130;100002;0.024405000;240000;9478392745;S
20240130;100002;0.024405000;8500000;9478392867;S
20240130;100002;0.024405000;10000;9478393013;S
20240130;100002;0.024410000;80000;9478393191;B
20240130;100002;0.024410000;10000;9478393192;B
20240130;100002;0.024420000;2310000;9478393193;B
20240130;100002;0.024420000;340000;9478393194;B
20240130;100002;0.024420000;20000;9478393195;B
20240130;100002;0.024420000;800000;9478393196;B
20240130;100002;0.024420000;700000;9478393197;B
20240130;100002;0.024425000;380000;9478393198;B
20240130;100003;0.024405000;50000;9478393247;S
20240130;100003;0.024405000;30000;9478393316;S
20240130;100003;0.024405000;30000;9478393391;S
20240130;100003;0.024415000;10000;9478393443;B
20240130;100003;0.024425000;6990000;9478393444;B
20240130;100003;0.024420000;10000;9478393533;B
20240130;100003;0.024425000;90000;9478393534;B
20240130;100003;0.024405000;10000;9478393654;S
20240130;100004;0.024405000;10000;9478393821;S
20240130;100004;0.024405000;10000;9478393822;S
20240130;100004;0.024405000;10000;9478393837;S
20240130;100004;0.024405000;10000;9478393874;S
20240130;100004;0.024405000;10000;9478393923;S
20240130;100005;0.024405000;100000;9478394387;S
20240130;100005;0.024425000;10000;9478394388;B
20240130;100005;0.024425000;70000;9478394389;B
20240130;100005;0.024410000;10000;9478394540;S
20240130;100005;0.024425000;50000;9478394541;B
20240130;100005;0.024410000;100000;9478394542;S
20240130;100005;0.024420000;500000;9478395140;B
20240130;100005;0.024420000;500000;9478395174;B
20240130;100005;0.024420000;590000;9478395180;B
20240130;100005;0.024410000;10000;9478395271;S
20240130;100005;0.024410000;10000;9478395282;S
20240130;100005;0.024420000;50000;9478395286;B
20240130;100005;0.024410000;40000;9478395456;S
20240130;100005;0.024410000;10000;9478395462;S
20240130;100005;0.024420000;10000;9478395468;B
20240130;100005;0.024410000;30000;9478395471;S
20240130;100005;0.024420000;10000;9478395477;B
20240130;100005;0.024420000;10000;9478395482;B
20240130;100005;0.024410000;30000;9478395541;S
20240130;100005;0.024410000;120000;9478395547;S
20240130;100005;0.024410000;20000;9478395712;S
20240130;100005;0.024420000;10000;9478395713;B
20240130;100005;0.024420000;10000;9478395717;B
20240130;100005;0.024410000;20000;9478395720;S
20240130;100005;0.024410000;780000;9478395721;S
20240130;100005;0.024420000;50000;9478395722;B
20240130;100005;0.024420000;50000;9478395723;B
20240130;100006;0.024420000;10000;9478395728;B
20240130;100006;0.024405000;20000;9478395729;S
20240130;100006;0.024420000;10000;9478395730;B
20240130;100006;0.024420000;50000;9478395742;B
20240130;100006;0.024420000;10000;9478395786;B
20240130;100006;0.024405000;40000;9478395787;S
20240130;100006;0.024420000;10000;9478395791;B
20240130;100006;0.024420000;10000;9478395792;B
20240130;100006;0.024420000;20000;9478395829;B
20240130;100006;0.024405000;10000;9478395835;S
20240130;100006;0.024405000;10000;9478395837;S
20240130;100006;0.024420000;50000;9478395848;B
20240130;100006;0.024405000;10000;9478395916;S
20240130;100006;0.024405000;50000;9478395918;S
20240130;100006;0.024420000;60000;9478395919;B
20240130;100006;0.024420000;10000;9478396224;B
20240130;100006;0.024405000;10000;9478396225;S
20240130;100006;0.024405000;10000;9478396226;S
20240130;100006;0.024420000;10000;9478396231;B
20240130;100006;0.024420000;10000;9478396534;B
20240130;100006;0.024420000;10000;9478396535;B
20240130;100006;0.024405000;10000;9478396537;S
20240130;100006;0.024420000;40000;9478396644;B
20240130;100006;0.024420000;190000;9478396646;B
20240130;100006;0.024420000;10000;9478396648;B
20240130;100006;0.024420000;50000;9478396650;B
20240130;100006;0.024420000;10000;9478396654;B
20240130;100006;0.024405000;3380000;9478396753;S
20240130;100006;0.024420000;10000;9478396823;B
20240130;100006;0.024420000;30000;9478396825;B
20240130;100006;0.024420000;10000;9478396828;B
20240130;100006;0.024420000;20000;9478396830;B
20240130;100006;0.024420000;20000;9478396832;B
20240130;100006;0.024420000;10000;9478396903;B
20240130;100006;0.024405000;10000;9478396930;S
20240130;100006;0.024405000;40000;9478397051;S
20240130;100006;0.024420000;10000;9478397052;B
20240130;100007;0.024405000;10000;9478397118;S
20240130;100007;0.024405000;20000;9478397123;S
20240130;100007;0.024410000;10000;9478397411;B
20240130;100007;0.024405000;50000;9478397415;S
20240130;100007;0.024405000;50000;9478397416;S
20240130;100007;0.024420000;10000;9478397428;B
20240130;100007;0.024405000;20000;9478397441;S
20240130;100007;0.024405000;40000;9478397742;S
20240130;100007;0.024420000;30000;9478397743;B
20240130;100007;0.024405000;100000;9478397744;S
20240130;100007;0.024420000;50000;9478397745;B
20240130;100007;0.024405000;200000;9478398054;S
20240130;100007;0.024420000;10000;9478398055;B
20240130;100007;0.024405000;80000;9478398057;S
20240130;100007;0.024405000;50000;9478398077;S
20240130;100007;0.024420000;10000;9478398078;B
20240130;100007;0.024405000;40000;9478398079;S
20240130;100008;0.024405000;740000;9478398203;S
20240130;100008;0.024420000;20000;9478398607;B
20240130;100008;0.024420000;20000;9478398608;B
20240130;100008;0.024420000;50000;9478398609;B
20240130;100009;0.024410000;10000;9478398854;B
20240130;100009;0.024420000;20000;9478398855;B
20240130;100009;0.024420000;90000;9478398856;B
20240130;100009;0.024420000;300000;9478398875;S
20240130;100010;0.024425000;10000;9478399106;B
20240130;100010;0.024420000;10000;9478399201;S
20240130;100010;0.024420000;30000;9478399487;S
20240130;100010;0.024425000;10000;9478399552;B
20240130;100010;0.024425000;1180000;9478399553;B
20240130;100010;0.024425000;190000;9478399556;B
20240130;100011;0.024420000;10000;9478399620;S
20240130;100012;0.024425000;10000;9478400143;B
20240130;100013;0.024420000;10000;9478400956;S
20240130;100015;0.024420000;30000;9478401873;S
20240130;100015;0.024425000;1220000;9478401945;B
20240130;100017;0.024425000;2000000;9478402591;B
20240130;100018;0.024425000;1250000;9478402756;B
20240130;100019;0.024425000;40000;9478403157;B
20240130;100019;0.024420000;10000;9478403176;S
20240130;100020;0.024420000;1000000;9478403510;S
20240130;100022;0.024425000;100000;9478404213;B
20240130;100022;0.024425000;10000;9478404294;B
20240130;100023;0.024420000;100000;9478404347;S
20240130;100023;0.024425000;10000;9478404399;B
20240130;100024;0.024425000;60000;9478404606;B
20240130;100024;0.024425000;6250000;9478404701;B
20240130;100024;0.024425000;4110000;9478404702;B
20240130;100024;0.024425000;12280000;9478404703;B
20240130;100024;0.024425000;10000;9478404704;B
20240130;100024;0.024425000;20000;9478404705;B
20240130;100024;0.024425000;10000;9478404706;B
20240130;100024;0.024430000;6000000;9478404707;B
20240130;100024;0.024430000;5000000;9478404708;B
20240130;100024;0.024430000;10000;9478404709;B
20240130;100024;0.024435000;6000000;9478404710;B
20240130;100024;0.024435000;10000;9478404711;B
20240130;100024;0.024435000;10000;9478404712;B
20240130;100024;0.024435000;10000;9478404713;B
20240130;100024;0.024435000;14790000;9478404714;B
20240130;100024;0.024435000;100000;9478404715;B
20240130;100024;0.024440000;100000;9478404716;B
20240130;100024;0.024440000;10000;9478404717;B
20240130;100024;0.024440000;20000;9478404718;B
20240130;100024;0.024440000;20000;9478404719;B
20240130;100024;0.024440000;45240000;9478404720;B
20240130;100024;0.024430000;12320000;9478404724;B
20240130;100024;0.024435000;12280000;9478404725;B
20240130;100024;0.024440000;35500000;9478404726;B
20240130;100025;0.024435000;410000;9478404849;B
20240130;100025;0.024435000;50000;9478404854;B
20240130;100025;0.024435000;11860000;9478404944;B
20240130;100025;0.024435000;1140000;9478404945;B
20240130;100026;0.024430000;10000;9478404995;B
20240130;100026;0.024435000;390000;9478404996;B
20240130;100026;0.024435000;20000;9478405059;B
20240130;100027;0.024420000;1380000;9478405128;S
20240130;100027;0.024420000;500000;9478405129;S
20240130;100027;0.024420000;870000;9478405130;S
20240130;100028;0.024420000;100000;9478405352;S
20240130;100028;0.024430000;20000;9478405422;B
20240130;100029;0.024435000;50000;9478405455;B
20240130;100029;0.024425000;10000;9478405493;S
20240130;100029;0.024420000;2490000;9478405494;S
20240130;100029;0.024420000;140000;9478405505;S
20240130;100030;0.024435000;1000000;9478405743;B
20240130;100030;0.024435000;200000;9478405765;B
20240130;100030;0.024420000;20000;9478405839;S
20240130;100031;0.024435000;10000;9478405959;B
20240130;100031;0.024420000;640000;9478406159;S
20240130;100033;0.024420000;1440000;9478406488;S
20240130;100033;0.024420000;6000000;9478406489;S
20240130;100033;0.024415000;1150000;9478406490;S
20240130;100033;0.024415000;40000;9478406531;S
20240130;100033;0.024425000;10000;9478406587;B
20240130;100033;0.024415000;40000;9478406601;S
20240130;100033;0.024425000;10000;9478406639;B
20240130;100033;0.024425000;19990000;9478406648;S
20240130;100034;0.024420000;10000;9478406784;B
20240130;100034;0.024430000;20000;9478406785;B
20240130;100034;0.024435000;20000;9478406786;B
20240130;100034;0.024415000;2000000;9478406839;S
20240130;100035;0.024435000;50000;9478406915;B
20240130;100035;0.024435000;30000;9478406975;B
20240130;100035;0.024415000;10000;9478406990;S
20240130;100036;0.024435000;10000;9478407133;B
20240130;100037;0.024435000;200000;9478407520;B
20240130;100038;0.024435000;10000;9478407667;B
20240130;100041;0.024420000;10000;9478408262;S
20240130;100041;0.024415000;20000;9478408354;S
20240130;100042;0.024415000;2000000;9478408423;S
20240130;100047;0.024430000;10000;9478409706;B
20240130;100048;0.024430000;50000;9478409990;B
20240130;100049;0.024430000;20000;9478410087;B
20240130;100049;0.024435000;80000;9478410088;B
20240130;100050;0.024415000;10000;9478410170;S
20240130;100050;0.024410000;2030000;9478410171;S
20240130;100053;0.024420000;10000;9478410760;B
20240130;100054;0.024420000;10000;9478412033;B
20240130;100057;0.024410000;750000;9478413083;S
20240130;100058;0.024420000;10000;9478413287;B
20240130;100100;0.024420000;10000;9478413647;B
20240130;100101;0.024410000;50000;9478413747;S
20240130;100101;0.024410000;60000;9478413861;S
20240130;100101;0.024410000;40000;9478413866;S
20240130;100102;0.024420000;20000;9478414163;B
20240130;100102;0.024410000;10000;9478414181;S
20240130;100102;0.024410000;500000;9478414186;S
20240130;100102;0.024420000;10000;9478414204;B
20240130;100103;0.024410000;850000;9478414303;S
20240130;100103;0.024410000;170000;9478414352;S
20240130;100103;0.024410000;170000;9478414424;S
20240130;100103;0.024410000;430000;9478414456;S
20240130;100104;0.024415000;420000;9478414627;S
20240130;100104;0.024420000;200000;9478414715;B
20240130;100106;0.024415000;80000;9478415021;S
20240130;100106;0.024410000;10000;9478415022;S
20240130;100106;0.024410000;930000;9478415047;S
20240130;100106;0.024410000;6570000;9478415048;S
20240130;100106;0.024415000;420000;9478415089;S
20240130;100106;0.024415000;80000;9478415128;S
20240130;100106;0.024410000;90000;9478415133;S
20240130;100107;0.024420000;100000;9478415210;B
20240130;100107;0.024415000;500000;9478415216;S
20240130;100107;0.024410000;4500000;9478415217;S
20240130;100108;0.024415000;50000;9478415298;S
20240130;100108;0.024415000;450000;9478415348;S
20240130;100108;0.024410000;510000;9478415364;S
20240130;100108;0.024410000;250000;9478415365;S
20240130;100108;0.024415000;200000;9478415395;S
20240130;100108;0.024415000;140000;9478415451;S
20240130;100110;0.024415000;160000;9478415613;S
20240130;100110;0.024410000;270000;9478415637;S
20240130;100111;0.024415000;420000;9478415778;S
20240130;100112;0.024415000;80000;9478416198;S
20240130;100112;0.024410000;4920000;9478416199;S
20240130;100113;0.024420000;400000;9478416357;B
20240130;100113;0.024420000;10000;9478416378;B
20240130;100113;0.024415000;500000;9478416393;S
20240130;100113;0.024410000;11670000;9478416394;S
20240130;100113;0.024410000;1710000;9478416395;S
20240130;100114;0.024410000;20000;9478416530;B
20240130;100116;0.024410000;60000;9478416828;B
20240130;100116;0.024410000;100000;9478416829;B
20240130;100116;0.024410000;100000;9478417083;B
20240130;100118;0.024405000;720000;9478417384;S
20240130;100118;0.024405000;50000;9478417385;S
20240130;100118;0.024405000;2840000;9478417386;S
20240130;100118;0.024410000;7000000;9478417504;B
20240130;100120;0.024410000;50000;9478417646;B
20240130;100120;0.024410000;50000;9478417848;B
20240130;100121;0.024410000;2000000;9478417962;B
20240130;100122;0.024410000;30000;9478418250;B
20240130;100123;0.024410000;620000;9478418594;B
20240130;100124;0.024410000;16970000;9478418728;B
20240130;100124;0.024410000;1710000;9478418729;B
20240130;100124;0.024410000;1320000;9478418730;B
20240130;100124;0.024405000;10000;9478418737;S
20240130;100124;0.024405000;90000;9478418738;S
20240130;100125;0.024410000;30000;9478418895;B
20240130;100127;0.024405000;410000;9478419142;S
20240130;100127;0.024400000;10000;9478419151;S
20240130;100127;0.024400000;1000000;9478419240;S
20240130;100128;0.024400000;10000;9478419259;S
20240130;100129;0.024405000;590000;9478419484;B
20240130;100129;0.024410000;410000;9478419485;B
20240130;100129;0.024400000;150000;9478419513;S
20240130;100131;0.024410000;240000;9478419825;B
20240130;100131;0.024410000;130000;9478419826;B
20240130;100131;0.024410000;1700000;9478419827;B
20240130;100131;0.024410000;10000;9478419828;B
20240130;100131;0.024410000;680000;9478419829;S
20240130;100131;0.024410000;20000;9478419926;S
20240130;100133;0.024410000;2000000;9478420186;S
20240130;100133;0.024410000;5000000;9478420197;S
20240130;100134;0.024410000;220000;9478420344;S
20240130;100134;0.024410000;1530000;9478420398;B
20240130;100136;0.024405000;20000;9478420578;S
20240130;100136;0.024405000;80000;9478420579;S
20240130;100136;0.024410000;190000;9478420627;B
20240130;100137;0.024405000;5000000;9478420770;S
20240130;100138;0.024410000;10000;9478421001;B
20240130;100140;0.024405000;500000;9478421297;S
20240130;100140;0.024405000;500000;9478421298;S
20240130;100140;0.024410000;20000;9478421299;B
20240130;100140;0.024405000;1000000;9478421302;S
20240130;100140;0.024410000;2050000;9478421353;B
20240130;100141;0.024405000;490000;9478421507;S
20240130;100141;0.024410000;10000;9478421513;B
20240130;100141;0.024405000;500000;9478421702;S
20240130;100141;0.024400000;850000;9478421703;S
20240130;100142;0.024410000;100000;9478421753;B
20240130;100142;0.024405000;500000;9478421855;S
20240130;100142;0.024400000;3980000;9478421856;S
20240130;100142;0.024400000;5520000;9478421857;S
20240130;100143;0.024405000;430000;9478421904;S
20240130;100143;0.024405000;70000;9478421931;S
20240130;100143;0.024400000;350000;9478421932;S
20240130;100143;0.024405000;90000;9478422139;S
20240130;100143;0.024405000;410000;9478422164;S
20240130;100143;0.024400000;100000;9478422165;S
20240130;100143;0.024410000;10000;9478422186;B
20240130;100144;0.024405000;500000;9478422354;S
20240130;100144;0.024400000;1500000;9478422355;S
20240130;100147;0.024410000;40000;9478422853;B
20240130;100150;0.024405000;500000;9478423405;S
20240130;100150;0.024400000;4200000;9478423406;S
20240130;100150;0.024400000;500000;9478423407;S
20240130;100150;0.024400000;10000;9478423408;S
20240130;100150;0.024400000;10000;9478423409;S
20240130;100150;0.024400000;10000;9478423410;S
20240130;100150;0.024400000;10000;9478423411;S
20240130;100150;0.024400000;760000;9478423412;S
20240130;100154;0.024405000;500000;9478424229;S
20240130;100154;0.024400000;4240000;9478424230;S
20240130;100154;0.024400000;260000;9478424231;S
20240130;100156;0.024400000;1940000;9478424491;S
20240130;100156;0.024400000;10000;9478424492;S
20240130;100156;0.024400000;10000;9478424493;S
20240130;100156;0.024400000;500000;9478424494;S
20240130;100156;0.024400000;2000000;9478424495;B
20240130;100156;0.024400000;200000;9478424496;B
20240130;100156;0.024400000;2500000;9478424497;B
20240130;100156;0.024395000;920000;9478424562;S
20240130;100157;0.024395000;10000000;9478424614;S
20240130;100157;0.024395000;6000000;9478424616;S
20240130;100158;0.024400000;10000;9478424746;B
20240130;100158;0.024395000;3100000;9478424775;S
20240130;100158;0.024395000;14210000;9478424852;S
20240130;100159;0.024395000;90000;9478424936;S
20240130;100201;0.024400000;10000;9478425148;B
20240130;100202;0.024400000;20000;9478425402;B
20240130;100203;0.024395000;9000000;9478425461;S
20240130;100203;0.024395000;20000000;9478425499;S
20240130;100203;0.024395000;50000;9478425529;S
20240130;100204;0.024400000;10000;9478425780;B
20240130;100206;0.024400000;30000;9478426000;B
20240130;100208;0.024395000;100000;9478426395;S
20240130;100209;0.024395000;1020000;9478426507;S
20240130;100210;0.024395000;270000;9478426821;S
20240130;100210;0.024395000;1080000;9478426855;S
20240130;100211;0.024400000;2140000;9478426916;B
20240130;100211;0.024395000;270000;9478426945;S
20240130;100211;0.024395000;1080000;9478426982;S
20240130;100212;0.024395000;1000000;9478427159;S
20240130;100213;0.024400000;20000;9478427435;B
20240130;100214;0.024395000;50000;9478427654;S
20240130;100218;0.024395000;4780000;9478428233;S
20240130;100218;0.024400000;40000;9478428307;B
20240130;100218;0.024395000;8000000;9478428343;S
20240130;100219;0.024395000;42970000;9478428498;S
20240130;100219;0.024395000;500000;9478428499;S
20240130;100219;0.024395000;530000;9478428500;S
20240130;100221;0.024395000;150000;9478428673;S
20240130;100222;0.024400000;10000;9478428844;B
20240130;100224;0.024400000;100000;9478429255;B
20240130;100228;0.024395000;10000;9478429985;S
20240130;100229;0.024395000;20000;9478430184;S
20240130;100230;0.024395000;10000;9478430268;S
20240130;100232;0.024395000;50000;9478430646;S
20240130;100235;0.024395000;1000000;9478431239;S
20240130;100239;0.024395000;300000;9478431902;S
20240130;100240;0.024400000;10000;9478432064;B
20240130;100240;0.024400000;10000;9478432160;B
20240130;100241;0.024400000;20000;9478432510;B
20240130;100243;0.024395000;10000;9478432736;S
20240130;100243;0.024395000;10000;9478432747;S
20240130;100243;0.024395000;1910000;9478432802;S
20240130;100243;0.024395000;10000;9478432803;S
20240130;100243;0.024395000;500000;9478432804;S
20240130;100243;0.024395000;580000;9478432805;S
20240130;100244;0.024395000;10000;9478432986;S
20240130;100244;0.024400000;250000;9478433119;B
20240130;100245;0.024400000;500000;9478433202;B
20240130;100247;0.024395000;50000;9478433599;S
20240130;100248;0.024395000;10000;9478433961;S
20240130;100249;0.024395000;120000;9478434175;S
20240130;100250;0.024400000;40000;9478434336;B
20240130;100254;0.024400000;50000;9478435141;B
20240130;100254;0.024400000;1940000;9478435173;B
20240130;100256;0.024395000;10000;9478435401;S
20240130;100256;0.024400000;30000;9478435529;B
20240130;100258;0.024395000;10000;9478435956;S
20240130;100300;0.024400000;10000;9478436234;B
20240130;100300;0.024400000;10000000;9478436356;B
20240130;100300;0.024400000;10000;9478436418;B
20240130;100302;0.024395000;130000;9478437212;S
20240130;100303;0.024400000;37580000;9478437376;B
20240130;100303;0.024400000;1640000;9478437377;B
20240130;100303;0.024400000;400000;9478437378;B
20240130;100303;0.024400000;2000000;9478437379;B
20240130;100303;0.024400000;10000;9478437380;B
20240130;100303;0.024400000;4000000;9478437381;B
20240130;100303;0.024400000;10000000;9478437382;B
20240130;100303;0.024400000;12320000;9478437383;B
20240130;100303;0.024400000;3000000;9478437384;B
20240130;100303;0.024400000;300000;9478437385;B
20240130;100303;0.024400000;50000;9478437386;B
20240130;100303;0.024400000;1650000;9478437387;B
20240130;100303;0.024400000;4110000;9478437388;B
20240130;100303;0.024405000;30000;9478437429;B
20240130;100303;0.024405000;370000;9478437570;B
20240130;100303;0.024405000;50000;9478437571;B
20240130;100303;0.024405000;10000;9478437572;B
20240130;100303;0.024405000;550000;9478437573;B
20240130;100303;0.024405000;20000;9478437574;B
20240130;100304;0.024410000;330000;9478437663;B
20240130;100305;0.024410000;40000;9478437850;B
20240130;100305;0.024405000;70000;9478437988;S
20240130;100306;0.024410000;10000;9478438133;B
20240130;100308;0.024405000;20000;9478438773;S
20240130;100309;0.024405000;1040000;9478438867;S
20240130;100309;0.024405000;960000;9478438920;S
20240130;100311;0.024405000;300000;9478439170;B
20240130;100311;0.024400000;18410000;9478439184;S
20240130;100314;0.024400000;500000;9478439667;S
20240130;100315;0.024405000;30000;9478439746;B
20240130;100316;0.024405000;90000;9478439841;B
20240130;100316;0.024400000;20000;9478439923;S
20240130;100317;0.024405000;160000;9478440159;B
20240130;100318;0.024405000;20000;9478440244;B
20240130;100320;0.024400000;2000000;9478440409;S
20240130;100321;0.024400000;270000;9478440657;S
20240130;100323;0.024400000;70000;9478441102;S
20240130;100323;0.024405000;200000;9478441146;B
20240130;100324;0.024405000;4600000;9478441211;B
20240130;100324;0.024400000;130000;9478441238;S
20240130;100324;0.024400000;2000000;9478441256;S
20240130;100325;0.024405000;20000;9478441278;B
20240130;100326;0.024400000;2500000;9478441786;S
20240130;100328;0.024400000;15000000;9478442320;S
20240130;100328;0.024405000;6900000;9478442634;B
20240130;100328;0.024405000;20000;9478442635;B
20240130;100328;0.024405000;150000;9478442636;B
20240130;100328;0.024405000;10000;9478442637;B
20240130;100328;0.024405000;4110000;9478442638;B
20240130;100328;0.024405000;1280000;9478442639;B
20240130;100328;0.024405000;5000000;9478442640;B
20240130;100328;0.024410000;2530000;9478442641;B
20240130;100331;0.024405000;10000;9478443389;B
20240130;100332;0.024400000;2000000;9478443546;S
20240130;100335;0.024400000;40000;9478444629;S
20240130;100336;0.024400000;50000;9478444867;S
20240130;100338;0.024400000;20000;9478445090;S
20240130;100339;0.024405000;4780000;9478445176;B
20240130;100339;0.024405000;140000;9478445305;B
20240130;100340;0.024400000;160000;9478445451;S
20240130;100341;0.024405000;1000000;9478445526;B
20240130;100342;0.024400000;10000;9478445744;S
20240130;100347;0.024405000;10000;9478446537;B
20240130;100349;0.024405000;10000;9478447169;B
20240130;100350;0.024405000;6370000;9478447310;B
20240130;100350;0.024405000;3630000;9478447311;B
20240130;100352;0.024400000;10000;9478447786;S
20240130;100356;0.024405000;20000;9478448486;B
20240130;100356;0.024405000;30000;9478448504;B
20240130;100401;0.024400000;10000;9478449196;S
20240130;100401;0.024400000;120000;9478449236;S
20240130;100402;0.024405000;110000;9478449404;B
20240130;100403;0.024405000;10000;9478449596;B
20240130;100404;0.024400000;30000;9478449782;S
20240130;100404;0.024400000;500000;9478449786;S
20240130;100404;0.024400000;360000;9478449877;S
20240130;100405;0.024405000;10000;9478449916;B
20240130;100407;0.024400000;740000;9478450272;S
20240130;100407;0.024400000;10000;9478450292;S
20240130;100407;0.024400000;20000;9478450387;S
20240130;100408;0.024400000;1000000;9478450601;S
20240130;100410;0.024405000;10000;9478450886;B
20240130;100411;0.024405000;20000;9478451181;B
20240130;100414;0.024400000;3000000;9478451673;S
20240130;100415;0.024400000;50000;9478451827;S
20240130;100415;0.024405000;340000;9478451897;B
20240130;100415;0.024405000;620000;9478451898;B
20240130;100417;0.024405000;10000;9478452174;B
20240130;100419;0.024405000;20000;9478452564;B
20240130;100419;0.024405000;210000;9478452565;B
20240130;100419;0.024405000;500000;9478452566;B
20240130;100419;0.024405000;270000;9478452567;B
20240130;100420;0.024405000;40000;9478452591;B
20240130;100421;0.024400000;130000;9478452857;S
20240130;100423;0.024405000;70000;9478453435;B
20240130;100424;0.024405000;10000;9478453551;B
20240130;100424;0.024400000;5000000;9478453788;S
20240130;100424;0.024400000;50000;9478453850;S
20240130;100425;0.024400000;20000;9478453856;S
20240130;100426;0.024405000;11930000;9478454076;B
20240130;100426;0.024405000;4000000;9478454077;B
20240130;100426;0.024410000;2910000;9478454078;B
20240130;100426;0.024410000;5000000;9478454079;B
20240130;100426;0.024410000;50000000;9478454080;B
20240130;100426;0.024410000;3860000;9478454081;B
20240130;100426;0.024410000;10000;9478454082;B
20240130;100426;0.024410000;8400000;9478454083;B
20240130;100426;0.024410000;13890000;9478454084;B
20240130;100426;0.024410000;10000;9478454160;B
20240130;100427;0.024410000;10000;9478454182;B
20240130;100427;0.024405000;10000;9478454186;S
20240130;100427;0.024405000;3100000;9478454187;S
20240130;100427;0.024405000;1490000;9478454188;S
20240130;100427;0.024410000;10000;9478454225;B
20240130;100428;0.024400000;10000;9478454417;S
20240130;100431;0.024410000;10000;9478454916;B
20240130;100431;0.024405000;250000;9478454917;S
20240130;100433;0.024410000;500000;9478455213;B
20240130;100435;0.024405000;1300000;9478455401;S
20240130;100435;0.024405000;4000000;9478455402;S
20240130;100435;0.024405000;4520000;9478455403;S
20240130;100435;0.024405000;35480000;9478455433;S
20240130;100435;0.024405000;1000000;9478455434;S
20240130;100435;0.024405000;2720000;9478455435;S
20240130;100435;0.024405000;1000000;9478455436;S
20240130;100435;0.024405000;10000;9478455437;S
20240130;100435;0.024405000;500000;9478455438;S
20240130;100435;0.024405000;780000;9478455439;S
20240130;100436;0.024405000;10000;9478455483;B
20240130;100439;0.024405000;40000;9478456198;B
20240130;100439;0.024400000;8530000;9478456233;S
20240130;100441;0.024400000;10000;9478456592;S
20240130;100442;0.024405000;300000;9478456638;B
20240130;100442;0.024400000;30000;9478456661;S
20240130;100443;0.024400000;1000000;9478456920;S
20240130;100443;0.024405000;10000;9478456949;B
20240130;100444;0.024400000;20000;9478457094;S
20240130;100446;0.024405000;100000;9478457463;B
20240130;100447;0.024405000;3300000;9478457694;B
20240130;100448;0.024400000;10000;9478457775;S
20240130;100448;0.024405000;20000000;9478457783;B
20240130;100448;0.024400000;210000;9478457905;S
20240130;100450;0.024405000;2500000;9478458217;B
20240130;100450;0.024400000;10000;9478458220;S
20240130;100450;0.024405000;10000;9478458242;B
20240130;100451;0.024400000;10000;9478458453;S
20240130;100451;0.024405000;4100000;9478458540;B
20240130;100452;0.024400000;1000000;9478458719;S
20240130;100453;0.024400000;10000;9478458869;S
20240130;100455;0.024405000;220000;9478459310;B
20240130;100458;0.024405000;400000;9478459713;B
20240130;100458;0.024400000;30000;9478459852;S
20240130;100500;0.024400000;4420000;9478460157;S
20240130;100501;0.024400000;50000;9478460262;S
20240130;100504;0.024405000;30000000;9478460997;B
20240130;100504;0.024400000;350000;9478461024;S
20240130;100506;0.024400000;90000;9478461361;S
20240130;100506;0.024400000;10000;9478461453;S
20240130;100507;0.024400000;2200000;9478461827;S
20240130;100509;0.024400000;710000;9478462493;S
20240130;100509;0.024400000;100000;9478462494;S
20240130;100509;0.024400000;10000;9478462495;S
20240130;100509;0.024400000;110000;9478462496;S
20240130;100509;0.024400000;10000;9478462497;S
20240130;100509;0.024400000;430000;9478462498;S
20240130;100509;0.024400000;9630000;9478462499;S
20240130;100509;0.024405000;500000;9478462506;B
20240130;100510;0.024405000;100000;9478462544;B
20240130;100511;0.024405000;10000;9478462695;B
20240130;100511;0.024400000;4120000;9478462723;S
20240130;100511;0.024400000;20000;9478462808;S
20240130;100515;0.024400000;5000000;9478463383;S
20240130;100515;0.024405000;200000;9478463480;B
20240130;100518;0.024405000;4000000;9478464314;B
20240130;100518;0.024400000;10000;9478464330;S
20240130;100518;0.024400000;50000;9478464396;S
20240130;100519;0.024400000;500000;9478464452;S
20240130;100519;0.024400000;2000000;9478464588;S
20240130;100520;0.024405000;10000;9478464726;B
20240130;100522;0.024400000;10000;9478465080;S
20240130;100525;0.024405000;10000;9478465607;B
20240130;100525;0.024400000;20000;9478465703;S
20240130;100527;0.024400000;20000000;9478465922;S
20240130;100528;0.024405000;10000;9478466097;B
20240130;100529;0.024405000;30000;9478466336;B
20240130;100530;0.024405000;10000;9478466393;B
20240130;100530;0.024400000;30000;9478466423;S
20240130;100533;0.024400000;550000;9478466895;S
20240130;100533;0.024400000;20000;9478466940;S
20240130;100534;0.024400000;500000;9478467192;S
20240130;100535;0.024400000;7540000;9478467431;S
20240130;100535;0.024400000;50000;9478467432;S
20240130;100535;0.024400000;40000;9478467433;S
20240130;100535;0.024400000;2000000;9478467434;S
20240130;100535;0.024400000;370000;9478467435;S
20240130;100537;0.024400000;30000;9478467720;S
20240130;100537;0.024400000;30000;9478467721;S
20240130;100537;0.024400000;50000;9478467756;S
20240130;100540;0.024400000;420000;9478468242;S
20240130;100540;0.024400000;40000;9478468243;S
20240130;100540;0.024400000;40000;9478468244;S
20240130;100540;0.024405000;10000;9478468394;B
20240130;100541;0.024405000;90000;9478468497;B
20240130;100541;0.024400000;860000;9478468597;S
20240130;100541;0.024400000;10000;9478468598;S
20240130;100541;0.024400000;100000;9478468599;S
20240130;100541;0.024400000;50000;9478468600;S
20240130;100541;0.024400000;3980000;9478468601;S
20240130;100542;0.024405000;1120000;9478468801;B
20240130;100545;0.024405000;10000;9478469408;B
20240130;100545;0.024405000;11110000;9478469466;B
20240130;100545;0.024405000;11110000;9478469513;B
20240130;100546;0.024400000;440000;9478469598;S
20240130;100547;0.024405000;2000000;9478469857;B
20240130;100547;0.024400000;100000;9478469889;S
20240130;100547;0.024405000;10000;9478469961;B
20240130;100550;0.024405000;1700000;9478470474;B
20240130;100551;0.024400000;100000;9478470554;S
20240130;100553;0.024405000;250000000;9478470853;B
20240130;100553;0.024405000;52000000;9478470987;B
20240130;100554;0.024405000;3000000;9478471016;B
20240130;100554;0.024405000;50000000;9478471024;B
20240130;100554;0.024405000;2500000;9478471026;B
20240130;100554;0.024405000;54690000;9478471027;B
20240130;100554;0.024405000;1520000;9478471031;B
20240130;100554;0.024405000;900000;9478471032;B
20240130;100554;0.024405000;40000;9478471033;B
20240130;100554;0.024405000;10000;9478471034;B
20240130;100554;0.024405000;10000;9478471035;B
20240130;100554;0.024410000;520000;9478471036;B
20240130;100554;0.024410000;100000;9478471037;B
20240130;100554;0.024410000;10000;9478471068;B
20240130;100554;0.024410000;3000000;9478471075;B
20240130;100554;0.024410000;9940000;9478471098;B
20240130;100554;0.024410000;10000;9478471099;B
20240130;100554;0.024410000;10000;9478471100;B
20240130;100554;0.024410000;19100000;9478471101;B
20240130;100554;0.024410000;10000;9478471102;B
20240130;100554;0.024410000;500000;9478471103;B
20240130;100554;0.024410000;1000000;9478471104;B
20240130;100554;0.024415000;200000;9478471105;B
20240130;100554;0.024415000;70000;9478471106;B
20240130;100554;0.024415000;640000;9478471107;B
20240130;100554;0.024415000;10000;9478471108;B
20240130;100554;0.024415000;30000;9478471109;B
20240130;100554;0.024420000;240000;9478471110;B
20240130;100554;0.024420000;500000;9478471111;B
20240130;100554;0.024420000;1280000;9478471112;B
20240130;100554;0.024420000;12500000;9478471113;B
20240130;100554;0.024420000;5960000;9478471114;B
20240130;100554;0.024420000;3000000;9478471118;B
20240130;100554;0.024420000;1040000;9478471130;B
20240130;100554;0.024420000;10000;9478471131;B
20240130;100554;0.024420000;10000;9478471132;B
20240130;100554;0.024420000;10000;9478471133;B
20240130;100554;0.024420000;10000;9478471134;B
20240130;100554;0.024420000;90000;9478471135;B
20240130;100554;0.024420000;1830000;9478471136;B
20240130;100555;0.024420000;11110000;9478471160;B
20240130;100555;0.024415000;10000;9478471188;B
20240130;100555;0.024420000;90000;9478471189;B
20240130;100556;0.024415000;10000;9478471418;B
20240130;100556;0.024420000;4990000;9478471419;B
20240130;100556;0.024420000;2050000;9478471435;B
20240130;100557;0.024410000;10000;9478471588;S
20240130;100557;0.024420000;20000;9478471642;B
20240130;100557;0.024420000;1850000;9478471716;B
20240130;100559;0.024420000;1000000;9478472036;B
20240130;100559;0.024420000;10000000;9478472089;B
20240130;100559;0.024420000;20000;9478472094;B
20240130;100600;0.024420000;10000;9478472311;B
20240130;100600;0.024420000;10000;9478472312;B
20240130;100603;0.024415000;20000;9478472822;S
20240130;100603;0.024415000;420000;9478472940;S
20240130;100604;0.024420000;30000;9478473203;B
20240130;100604;0.024425000;240000;9478473204;B
20240130;100605;0.024415000;300000;9478473267;S
20240130;100606;0.024425000;10000;9478473573;B
20240130;100607;0.024415000;260000;9478473849;S
20240130;100607;0.024415000;390000;9478473850;S
20240130;100607;0.024415000;400000;9478473851;S
20240130;100607;0.024415000;3000000;9478473852;S
20240130;100607;0.024415000;50000;9478473853;S
20240130;100607;0.024410000;900000;9478473854;S
20240130;100609;0.024415000;10000;9478474218;S
20240130;100610;0.024420000;20000;9478474324;B
20240130;100612;0.024420000;10000;9478474751;B
20240130;100613;0.024420000;80000;9478474776;B
20240130;100614;0.024420000;390000;9478475089;B
20240130;100614;0.024420000;10000000;9478475090;B
20240130;100614;0.024425000;1760000;9478475091;B
20240130;100615;0.024415000;70000;9478475396;S
20240130;100616;0.024425000;5000000;9478475585;B
20240130;100618;0.024415000;500000;9478475979;S
20240130;100618;0.024415000;100000;9478476010;S
20240130;100621;0.024425000;100000;9478476498;B
20240130;100622;0.024425000;7000000;9478476570;B
20240130;100623;0.024420000;50000;9478476732;S
20240130;100623;0.024420000;10000;9478476753;S
20240130;100624;0.024425000;50000;9478476863;B
20240130;100624;0.024425000;6200000;9478477000;B
20240130;100624;0.024420000;100000;9478477063;S
20240130;100626;0.024425000;12400000;9478477303;B
20240130;100626;0.024425000;500000;9478477355;B
20240130;100627;0.024420000;30000;9478477427;S
20240130;100627;0.024420000;1000000;9478477428;S
20240130;100627;0.024420000;1670000;9478477429;S
20240130;100629;0.024425000;9740000;9478477795;B
20240130;100629;0.024425000;260000;9478477796;B
20240130;100630;0.024425000;20000;9478477969;B
20240130;100633;0.024425000;1000000;9478478467;B
20240130;100634;0.024425000;220000;9478478579;B
20240130;100634;0.024425000;10000;9478478580;B
20240130;100634;0.024425000;10000;9478478581;B
20240130;100634;0.024430000;760000;9478478582;B
20240130;100634;0.024430000;50000;9478478631;B
20240130;100635;0.024430000;190000;9478478804;B
20240130;100635;0.024430000;1990000;9478478805;B
20240130;100635;0.024430000;500000;9478478806;B
20240130;100635;0.024430000;10000;9478478807;B
20240130;100635;0.024430000;50000;9478478808;B
20240130;100635;0.024430000;10000;9478478809;B
20240130;100635;0.024430000;7250000;9478478810;B
20240130;100635;0.024425000;100000;9478478821;S
20240130;100635;0.024420000;60000;9478478870;S
20240130;100636;0.024430000;30000;9478479147;B
20240130;100637;0.024425000;50000;9478479159;S
20240130;100637;0.024425000;100000;9478479182;B
20240130;100639;0.024425000;4850000;9478479563;B
20240130;100639;0.024430000;3150000;9478479564;B
20240130;100641;0.024425000;50000;9478479797;S
20240130;100641;0.024425000;10000;9478479798;S
20240130;100641;0.024430000;10000;9478479865;B
20240130;100641;0.024430000;1000000;9478479867;B
20240130;100644;0.024430000;8760000;9478480325;B
20240130;100644;0.024430000;900000;9478480326;B
20240130;100644;0.024430000;10000;9478480327;B
20240130;100644;0.024430000;10000;9478480328;B
20240130;100644;0.024430000;8630000;9478480329;B
20240130;100644;0.024430000;6860000;9478480349;B
20240130;100644;0.024430000;10000;9478480350;B
20240130;100644;0.024435000;10000;9478480351;B
20240130;100644;0.024435000;10000;9478480352;B
20240130;100644;0.024435000;10000;9478480353;B
20240130;100644;0.024435000;6000000;9478480354;B
20240130;100644;0.024435000;10000;9478480355;B
20240130;100644;0.024435000;11000000;9478480356;B
20240130;100644;0.024435000;50000;9478480357;B
20240130;100644;0.024435000;1960000;9478480358;B
20240130;100644;0.024435000;8040000;9478480359;B
20240130;100644;0.024435000;100000;9478480360;B
20240130;100644;0.024435000;3000000;9478480361;B
20240130;100644;0.024435000;10000;9478480362;B
20240130;100644;0.024440000;270000;9478480363;B
20240130;100644;0.024440000;120000;9478480366;B
20240130;100644;0.024440000;100000;9478480367;B
20240130;100644;0.024440000;30000;9478480368;B
20240130;100644;0.024440000;100000;9478480369;B
20240130;100644;0.024440000;6000000;9478480370;B
20240130;100644;0.024440000;6720000;9478480371;B
20240130;100644;0.024440000;330000;9478480373;B
20240130;100644;0.024440000;2950000;9478480385;B
20240130;100644;0.024440000;2000000;9478480386;B
20240130;100644;0.024440000;4000000;9478480387;B
20240130;100644;0.024440000;10000;9478480388;B
20240130;100644;0.024440000;10000;9478480389;B
20240130;100644;0.024440000;10000;9478480390;B
20240130;100644;0.024440000;10000000;9478480391;B
20240130;100644;0.024440000;8700000;9478480392;B
20240130;100644;0.024435000;100000;9478480430;S
20240130;100644;0.024430000;1400000;9478480431;S
20240130;100645;0.024440000;1300000;9478480602;B
20240130;100645;0.024440000;10000;9478480603;B
20240130;100645;0.024440000;20000;9478480604;B
20240130;100645;0.024440000;10000;9478480605;B
20240130;100645;0.024440000;50000;9478480606;B
20240130;100645;0.024440000;10000;9478480607;B
20240130;100645;0.024440000;2680000;9478480608;B
20240130;100645;0.024440000;5490000;9478480609;B
20240130;100645;0.024445000;10000;9478480610;B
20240130;100645;0.024445000;10000000;9478480611;B
20240130;100645;0.024445000;10000;9478480612;B
20240130;100645;0.024445000;10000;9478480613;B
20240130;100645;0.024445000;1780000;9478480614;B
20240130;100645;0.024445000;470000;9478480671;B
20240130;100645;0.024445000;150000;9478480672;B
20240130;100645;0.024445000;9380000;9478480673;B
20240130;100645;0.024435000;200000;9478480732;S
20240130;100645;0.024445000;620000;9478480742;B
20240130;100645;0.024445000;1500000;9478480743;B
20240130;100645;0.024445000;7880000;9478480744;B
20240130;100645;0.024430000;1000000;9478480745;S
20240130;100646;0.024430000;600000;9478480879;S
20240130;100646;0.024430000;400000;9478480880;S
20240130;100647;0.024445000;12120000;9478481044;B
20240130;100647;0.024445000;10000;9478481045;B
20240130;100647;0.024445000;10000;9478481046;B
20240130;100647;0.024445000;10000;9478481047;B
20240130;100647;0.024445000;100000;9478481050;B
20240130;100647;0.024435000;10000;9478481054;S
20240130;100647;0.024445000;500000;9478481093;B
20240130;100647;0.024435000;410000;9478481146;S
20240130;100648;0.024450000;560000;9478481156;B
20240130;100648;0.024450000;10000;9478481157;B
20240130;100648;0.024450000;10000;9478481158;B
20240130;100648;0.024450000;50000;9478481159;B
20240130;100648;0.024450000;5000000;9478481160;B
20240130;100648;0.024450000;1000000;9478481161;B
20240130;100648;0.024450000;2000000;9478481162;B
20240130;100648;0.024450000;5470000;9478481163;B
20240130;100648;0.024450000;120000;9478481165;B
20240130;100648;0.024450000;14410000;9478481168;B
20240130;100648;0.024450000;50000;9478481169;B
20240130;100648;0.024450000;10000;9478481170;B
20240130;100648;0.024450000;10000;9478481171;B
20240130;100648;0.024450000;20000;9478481172;B
20240130;100648;0.024450000;1000000;9478481173;B
20240130;100648;0.024450000;30000;9478481174;B
20240130;100648;0.024450000;50000;9478481175;B
20240130;100648;0.024450000;5000000;9478481176;B
20240130;100648;0.024455000;10000;9478481177;B
20240130;100648;0.024455000;20000;9478481178;B
20240130;100648;0.024455000;30000;9478481179;B
20240130;100648;0.024455000;50000;9478481180;B
20240130;100648;0.024455000;200000;9478481181;B
20240130;100648;0.024455000;10000;9478481182;B
20240130;100648;0.024455000;20000;9478481183;B
20240130;100648;0.024455000;10000;9478481184;B
20240130;100648;0.024455000;500000;9478481185;B
20240130;100648;0.024460000;6000000;9478481186;B
20240130;100648;0.024460000;10000;9478481187;B
20240130;100648;0.024460000;12150000;9478481188;B
20240130;100648;0.024460000;10000;9478481189;B
20240130;100648;0.024460000;10400000;9478481190;B
20240130;100648;0.024460000;40000;9478481192;B
20240130;100648;0.024460000;500000;9478481211;B
20240130;100648;0.024465000;20000;9478481229;B
20240130;100648;0.024465000;10000;9478481230;B
20240130;100648;0.024465000;10000;9478481231;B
20240130;100648;0.024465000;460000;9478481232;B
20240130;100648;0.024465000;800000;9478481233;B
20240130;100648;0.024455000;500000;9478481257;B
20240130;100648;0.024455000;880000;9478481263;B
20240130;100648;0.024465000;1740000;9478481264;B
20240130;100648;0.024470000;50000;9478481265;B
20240130;100648;0.024470000;2330000;9478481266;B
20240130;100648;0.024470000;10000;9478481274;B
20240130;100648;0.024470000;10000;9478481275;B
20240130;100648;0.024470000;80000;9478481276;B
20240130;100648;0.024470000;920000;9478481277;B
20240130;100648;0.024470000;7280000;9478481278;B
20240130;100648;0.024470000;2800000;9478481279;B
20240130;100648;0.024470000;2190000;9478481282;B
20240130;100648;0.024470000;3000000;9478481283;B
20240130;100648;0.024475000;30000;9478481284;B
20240130;100648;0.024475000;10000;9478481285;B
20240130;100648;0.024475000;6260000;9478481286;B
20240130;100648;0.024470000;12260000;9478481289;B
20240130;100648;0.024470000;3000000;9478481290;B
20240130;100648;0.024475000;13740000;9478481291;B
20240130;100648;0.024475000;11670000;9478481292;B
20240130;100648;0.024475000;2000000;9478481293;B
20240130;100648;0.024475000;10000;9478481294;B
20240130;100648;0.024475000;60000;9478481295;B
20240130;100648;0.024475000;1260000;9478481296;B
20240130;100648;0.024455000;10000;9478481307;S
20240130;100648;0.024455000;10000;9478481308;S
20240130;100648;0.024455000;20000;9478481310;S
20240130;100648;0.024455000;50000;9478481311;S
20240130;100648;0.024470000;3000000;9478481315;B
20240130;100648;0.024475000;7000000;9478481316;B
20240130;100648;0.024475000;1740000;9478481317;B
20240130;100648;0.024475000;10260000;9478481318;B
20240130;100648;0.024475000;500000;9478481320;B
20240130;100648;0.024475000;2500000;9478481333;B
20240130;100648;0.024480000;10000;9478481334;B
20240130;100648;0.024480000;10000000;9478481335;B
20240130;100648;0.024480000;1110000;9478481336;B
20240130;100648;0.024480000;6380000;9478481337;B
20240130;100648;0.024480000;100000;9478481338;B
20240130;100648;0.024480000;100000;9478481339;B
20240130;100648;0.024475000;300000;9478481350;S
20240130;100648;0.024475000;200000;9478481351;S
20240130;100648;0.024465000;3000000;9478481352;S
20240130;100648;0.024465000;1500000;9478481353;S
20240130;100648;0.024480000;10000;9478481361;B
20240130;100648;0.024480000;240000;9478481362;B
20240130;100648;0.024480000;760000;9478481370;B
20240130;100648;0.024480000;2430000;9478481371;B
20240130;100648;0.024480000;500000;9478481373;B
20240130;100648;0.024480000;70000;9478481388;B
20240130;100648;0.024480000;70000;9478481389;B
20240130;100648;0.024475000;150000;9478481390;S
20240130;100648;0.024465000;100000;9478481391;S
20240130;100648;0.024485000;350000;9478481406;B
20240130;100649;0.024485000;320000;9478481428;B
20240130;100649;0.024485000;10000;9478481429;B
20240130;100649;0.024485000;20000;9478481430;B
20240130;100649;0.024485000;10000;9478481431;B
20240130;100649;0.024485000;140000;9478481432;B
20240130;100649;0.024465000;20000;9478481439;S
20240130;100649;0.024465000;10000;9478481440;S
20240130;100649;0.024465000;10000;9478481441;S
20240130;100649;0.024465000;1000000;9478481442;S
20240130;100649;0.024480000;2000000;9478481443;B
20240130;100649;0.024480000;1000000;9478481445;B
20240130;100649;0.024480000;30000;9478481446;B
20240130;100649;0.024485000;1970000;9478481447;B
20240130;100649;0.024465000;10000;9478481448;S
20240130;100649;0.024480000;50000;9478481449;B
20240130;100649;0.024480000;500000;9478481452;B
20240130;100649;0.024480000;30000;9478481463;B
20240130;100649;0.024480000;2420000;9478481471;B
20240130;100649;0.024485000;580000;9478481472;B
20240130;100649;0.024480000;30000;9478481487;B
20240130;100649;0.024480000;2970000;9478481491;B
20240130;100649;0.024480000;120000;9478481492;B
20240130;100649;0.024480000;740000;9478481493;B
20240130;100649;0.024480000;600000;9478481494;B
20240130;100649;0.024480000;40000;9478481495;B
20240130;100649;0.024480000;440000;9478481496;B
20240130;100649;0.024480000;2560000;9478481498;B
20240130;100649;0.024485000;9570000;9478481499;B
20240130;100649;0.024490000;2000000;9478481500;B
20240130;100649;0.024490000;30000;9478481501;B
20240130;100649;0.024490000;50000;9478481502;B
20240130;100649;0.024490000;8260000;9478481503;B
20240130;100649;0.024485000;640000;9478481504;B
20240130;100649;0.024490000;20000;9478481505;B
20240130;100649;0.024490000;10000;9478481506;B
20240130;100649;0.024490000;50000;9478481507;B
20240130;100649;0.024490000;480000;9478481508;B
20240130;100649;0.024490000;890000;9478481509;B
20240130;100649;0.024490000;1630000;9478481510;B
20240130;100649;0.024495000;200000;9478481511;B
20240130;100649;0.024495000;10000;9478481512;B
20240130;100649;0.024495000;50000;9478481522;B
20240130;100649;0.024495000;50000;9478481523;B
20240130;100649;0.024495000;10000;9478481524;B
20240130;100649;0.024495000;10000;9478481525;B
20240130;100649;0.024495000;1100000;9478481526;B
20240130;100649;0.024495000;3290000;9478481528;B
20240130;100649;0.024495000;640000;9478481530;B
20240130;100649;0.024495000;1880000;9478481531;B
20240130;100649;0.024495000;2060000;9478481532;B
20240130;100649;0.024495000;650000;9478481533;B
20240130;100649;0.024495000;2050000;9478481534;B
20240130;100649;0.024495000;950000;9478481535;B
20240130;100649;0.024495000;740000;9478481536;B
20240130;100649;0.024495000;690000;9478481537;B
20240130;100649;0.024495000;930000;9478481538;B
20240130;100649;0.024495000;1130000;9478481539;B
20240130;100649;0.024495000;1560000;9478481540;B
20240130;100649;0.024495000;2000000;9478481541;B
20240130;100649;0.024495000;1000000;9478481542;B
20240130;100649;0.024495000;5000000;9478481543;B
20240130;100649;0.024495000;10000;9478481544;B
20240130;100649;0.024495000;100000;9478481545;B
20240130;100649;0.024495000;10000;9478481546;B
20240130;100649;0.024495000;6450000;9478481547;B
20240130;100649;0.024495000;650000;9478481548;B
20240130;100649;0.024495000;1240000;9478481552;B
20240130;100649;0.024495000;990000;9478481553;B
20240130;100649;0.024495000;620000;9478481555;B
20240130;100649;0.024495000;50000;9478481556;B
20240130;100649;0.024495000;1760000;9478481557;B
20240130;100649;0.024495000;1420000;9478481558;B
20240130;100649;0.024495000;1160000;9478481559;B
20240130;100649;0.024495000;3050000;9478481560;B
20240130;100649;0.024495000;610000;9478481562;B
20240130;100649;0.024495000;1230000;9478481563;B
20240130;100649;0.024495000;30000;9478481580;B
20240130;100649;0.024480000;40000;9478481582;S
20240130;100649;0.024480000;200000;9478481605;S
20240130;100649;0.024480000;270000;9478481606;S
20240130;100649;0.024480000;490000;9478481610;S
20240130;100649;0.024480000;30000;9478481614;B
20240130;100649;0.024475000;10000;9478481639;S
20240130;100650;0.024480000;3470000;9478481651;B
20240130;100650;0.024480000;10000;9478481652;B
20240130;100650;0.024495000;220000;9478481653;B
20240130;100650;0.024475000;10000;9478481685;S
20240130;100650;0.024475000;400000;9478481686;S
20240130;100650;0.024485000;1000000;9478481696;B
20240130;100650;0.024480000;10000;9478481710;S
20240130;100650;0.024485000;1000000;9478481757;B
20240130;100650;0.024480000;10000;9478481765;S
20240130;100650;0.024480000;10000;9478481768;S
20240130;100650;0.024485000;1000000;9478481777;B
20240130;100650;0.024480000;10000;9478481806;S
20240130;100650;0.024480000;10000;9478481815;S
20240130;100651;0.024475000;10000;9478481909;S
20240130;100651;0.024475000;3990000;9478481973;S
20240130;100651;0.024470000;3000000;9478481974;S
20240130;100651;0.024465000;6000000;9478481975;S
20240130;100651;0.024465000;2010000;9478481976;S
20240130;100651;0.024480000;1500000;9478482004;B
20240130;100651;0.024485000;550000;9478482005;B
20240130;100652;0.024480000;10000;9478482083;S
20240130;100652;0.024470000;40000;9478482084;S
20240130;100652;0.024470000;10000;9478482180;S
20240130;100652;0.024470000;20000;9478482181;S
20240130;100652;0.024475000;10000;9478482228;B
20240130;100652;0.024480000;10000;9478482229;B
20240130;100652;0.024480000;980000;9478482230;B
20240130;100653;0.024470000;10000;9478482244;S
20240130;100653;0.024475000;10000;9478482382;B
20240130;100653;0.024475000;490000;9478482383;B
20240130;100654;0.024470000;10000;9478482449;S
20240130;100655;0.024475000;10000;9478482563;B
20240130;100655;0.024470000;1000000;9478482651;B
20240130;100655;0.024470000;1110000;9478482652;B
20240130;100655;0.024470000;100000;9478482673;B
20240130;100656;0.024465000;20000;9478482713;S
20240130;100656;0.024465000;10000;9478482714;S
20240130;100656;0.024465000;10000;9478482715;S
20240130;100656;0.024470000;20000;9478482750;B
20240130;100656;0.024470000;10000;9478482759;B
20240130;100656;0.024470000;760000;9478482767;B
20240130;100656;0.024470000;10000;9478482768;B
20240130;100656;0.024470000;5390000;9478482769;B
20240130;100656;0.024470000;1500000;9478482770;B
20240130;100656;0.024475000;1000000;9478482771;B
20240130;100656;0.024475000;1500000;9478482772;B
20240130;100656;0.024475000;4110000;9478482773;B
20240130;100656;0.024475000;6120000;9478482774;B
20240130;100656;0.024475000;10000;9478482857;B
20240130;100656;0.024470000;10000;9478482860;S
20240130;100657;0.024475000;6190000;9478482868;B
20240130;100657;0.024475000;400000;9478482869;B
20240130;100657;0.024475000;3410000;9478482870;B
20240130;100657;0.024470000;170000;9478482882;S
20240130;100657;0.024475000;10590000;9478482931;B
20240130;100657;0.024475000;1910000;9478482932;B
20240130;100658;0.024475000;2200000;9478483020;B
20240130;100658;0.024475000;1920000;9478483021;B
20240130;100658;0.024475000;1080000;9478483059;B
20240130;100658;0.024475000;4080000;9478483060;B
20240130;100658;0.024475000;12320000;9478483061;B
20240130;100658;0.024475000;1500000;9478483062;B
20240130;100659;0.024475000;10000;9478483135;S
20240130;100659;0.024480000;520000;9478483162;B
20240130;100659;0.024480000;1230000;9478483163;B
20240130;100659;0.024480000;420000;9478483164;B
20240130;100659;0.024475000;20000;9478483173;S
20240130;100659;0.024475000;10000;9478483174;S
20240130;100659;0.024475000;10000;9478483175;S
20240130;100659;0.024480000;1000000;9478483194;B
20240130;100700;0.024480000;20000;9478483308;B
20240130;100700;0.024480000;60000;9478483335;B
20240130;100700;0.024480000;20000;9478483336;B
20240130;100700;0.024480000;30000;9478483419;B
20240130;100700;0.024475000;10000;9478483449;S
20240130;100701;0.024480000;10000;9478483515;B
20240130;100701;0.024475000;1000000;9478483600;S
20240130;100701;0.024480000;4940000;9478483618;B
20240130;100701;0.024480000;20060000;9478483619;B
20240130;100702;0.024480000;50000;9478483674;B
20240130;100702;0.024480000;800000;9478483731;B
20240130;100702;0.024475000;10000;9478483741;S
20240130;100702;0.024475000;10000;9478483742;S
20240130;100702;0.024475000;10000;9478483743;S
20240130;100702;0.024480000;8160000;9478483814;B
20240130;100702;0.024480000;10000;9478483815;B
20240130;100702;0.024480000;8180000;9478483816;B
20240130;100702;0.024480000;3650000;9478483817;B
20240130;100703;0.024475000;10000;9478483941;S
20240130;100703;0.024480000;14660000;9478483947;B
20240130;100703;0.024480000;5000000;9478483948;B
20240130;100703;0.024480000;760000;9478483949;B
20240130;100703;0.024475000;5000000;9478484008;S
20240130;100704;0.024480000;2240000;9478484065;B
20240130;100704;0.024480000;7760000;9478484066;B
20240130;100704;0.024480000;17650000;9478484098;B
20240130;100704;0.024480000;1000000;9478484099;B
20240130;100704;0.024480000;1350000;9478484100;B
20240130;100704;0.024480000;150000;9478484121;B
20240130;100704;0.024480000;1500000;9478484122;B
20240130;100704;0.024480000;3000000;9478484123;B
20240130;100704;0.024485000;3000000;9478484135;B
20240130;100704;0.024485000;10000;9478484136;B
20240130;100704;0.024485000;10000;9478484137;B
20240130;100704;0.024485000;980000;9478484138;B
20240130;100705;0.024485000;520000;9478484212;B
20240130;100705;0.024485000;30000;9478484213;B
20240130;100705;0.024480000;2000000;9478484223;S
20240130;100705;0.024485000;900000;9478484282;B
20240130;100705;0.024485000;1500000;9478484301;B
20240130;100706;0.024485000;40000;9478484357;B
20240130;100706;0.024480000;330000;9478484380;S
20240130;100706;0.024480000;1190000;9478484520;S
20240130;100706;0.024480000;5000000;9478484521;S
20240130;100706;0.024475000;8880000;9478484561;S
20240130;100707;0.024480000;1110000;9478484565;B
20240130;100707;0.024480000;5760000;9478484566;B
20240130;100707;0.024480000;1000000;9478484573;B
20240130;100707;0.024480000;5000000;9478484623;B
20240130;100707;0.024475000;10000;9478484657;S
20240130;100708;0.024480000;1000000;9478484699;B
20240130;100708;0.024480000;310000;9478484706;B
20240130;100708;0.024480000;190000;9478484707;B
20240130;100708;0.024480000;2810000;9478484719;B
20240130;100708;0.024480000;10000;9478484720;B
20240130;100708;0.024480000;1500000;9478484721;B
20240130;100708;0.024480000;1500000;9478484722;B
20240130;100708;0.024485000;10000;9478484723;B
20240130;100708;0.024485000;4170000;9478484724;B
20240130;100708;0.024485000;5000000;9478484778;B
20240130;100708;0.024485000;40830000;9478484798;B
20240130;100708;0.024485000;1500000;9478484799;B
20240130;100708;0.024485000;3000000;9478484800;B
20240130;100708;0.024485000;1500000;9478484801;B
20240130;100708;0.024490000;3000000;9478484802;B
20240130;100708;0.024490000;29350000;9478484803;B
20240130;100709;0.024490000;900000;9478484853;B
20240130;100709;0.024480000;3000000;9478484864;S
20240130;100709;0.024475000;50000;9478484983;S
20240130;100709;0.024480000;40000;9478485015;B
20240130;100710;0.024480000;270000;9478485112;B
20240130;100710;0.024480000;1000000;9478485118;B
20240130;100710;0.024480000;690000;9478485128;B
20240130;100710;0.024480000;310000;9478485129;B
20240130;100711;0.024480000;1190000;9478485200;B
20240130;100711;0.024480000;850000;9478485201;B
20240130;100711;0.024475000;6780000;9478485207;S
20240130;100711;0.024475000;500000;9478485208;S
20240130;100711;0.024475000;30000;9478485209;S
20240130;100711;0.024475000;50000;9478485210;S
20240130;100711;0.024470000;4820000;9478485211;S
20240130;100711;0.024470000;10000;9478485212;S
20240130;100711;0.024465000;960000;9478485213;S
20240130;100711;0.024465000;30000;9478485214;S
20240130;100711;0.024465000;4110000;9478485215;S
20240130;100711;0.024465000;6000000;9478485216;S
20240130;100711;0.024465000;26710000;9478485217;S
20240130;100711;0.024470000;60000;9478485243;S
20240130;100711;0.024480000;650000;9478485307;B
20240130;100711;0.024480000;1500000;9478485308;B
20240130;100711;0.024480000;2850000;9478485309;B
20240130;100711;0.024470000;1430000;9478485326;S
20240130;100712;0.024480000;20000;9478485368;B
20240130;100714;0.024475000;10000000;9478485766;B
20240130;100715;0.024475000;1000000;9478486011;B
20240130;100716;0.024475000;2000000;9478486043;B
20240130;100716;0.024475000;870000;9478486108;B
20240130;100716;0.024475000;120000;9478486163;B
20240130;100717;0.024470000;400000;9478486236;S
20240130;100717;0.024470000;20000;9478486237;S
20240130;100717;0.024460000;1250000;9478486238;S
20240130;100718;0.024470000;4110000;9478486459;B
20240130;100718;0.024470000;890000;9478486460;B
20240130;100718;0.024470000;610000;9478486465;B
20240130;100718;0.024470000;1500000;9478486466;B
20240130;100718;0.024470000;3000000;9478486467;B
20240130;100718;0.024470000;4110000;9478486468;B
20240130;100718;0.024475000;6010000;9478486469;B
20240130;100718;0.024475000;3000000;9478486470;B
20240130;100718;0.024475000;900000;9478486471;B
20240130;100718;0.024475000;1000000;9478486472;B
20240130;100718;0.024475000;9870000;9478486473;B
20240130;100718;0.024475000;2340000;9478486485;B
20240130;100718;0.024475000;1500000;9478486486;B
20240130;100718;0.024475000;160000;9478486487;B
20240130;100719;0.024475000;400000;9478486556;B
20240130;100720;0.024465000;100000;9478486635;S
20240130;100720;0.024460000;4750000;9478486636;S
20240130;100720;0.024460000;150000;9478486637;S
20240130;100720;0.024460000;30000;9478486681;S
20240130;100723;0.024475000;820000;9478487014;B
20240130;100723;0.024460000;50000;9478487210;S
20240130;100725;0.024470000;900000;9478487506;B
20240130;100725;0.024475000;10000;9478487626;B
20240130;100727;0.024465000;200000;9478487907;B
20240130;100728;0.024465000;10000;9478488057;B
20240130;100729;0.024465000;1000000;9478488251;B
20240130;100730;0.024460000;10000;9478488512;B
20240130;100730;0.024465000;90000;9478488513;B
20240130;100730;0.024455000;11420000;9478488695;S
20240130;100731;0.024465000;50000;9478488716;B
20240130;100731;0.024465000;10000;9478488792;B
20240130;100732;0.024460000;80000;9478488885;S
20240130;100732;0.024465000;10000;9478488890;B
20240130;100732;0.024465000;1630000;9478488893;B
20240130;100732;0.024465000;1370000;9478488894;B
20240130;100732;0.024460000;1500000;9478488921;S
20240130;100733;0.024465000;1630000;9478489018;B
20240130;100733;0.024465000;400000;9478489019;B
20240130;100733;0.024465000;970000;9478489020;B
20240130;100733;0.024465000;1000000;9478489057;B
20240130;100734;0.024460000;100000;9478489084;S
20240130;100734;0.024460000;70000;9478489089;S
20240130;100734;0.024465000;140000;9478489199;B
20240130;100736;0.024460000;20000;9478489401;S
20240130;100737;0.024465000;2860000;9478489532;B
20240130;100737;0.024465000;3000000;9478489533;B
20240130;100737;0.024465000;4140000;9478489534;B
20240130;100737;0.024465000;1500000;9478489646;B
20240130;100738;0.024465000;20000;9478489712;B
20240130;100738;0.024465000;5000000;9478489713;B
20240130;100738;0.024465000;1300000;9478489818;B
20240130;100739;0.024465000;110000;9478489883;B
20240130;100740;0.024465000;10000;9478489984;B
20240130;100740;0.024460000;150000;9478490038;S
20240130;100740;0.024465000;150000;9478490082;B
20240130;100741;0.024465000;200000;9478490110;B
20240130;100741;0.024465000;50000;9478490182;B
20240130;100741;0.024465000;20000;9478490192;B
20240130;100742;0.024465000;2000000;9478490232;B
20240130;100742;0.024465000;2640000;9478490267;B
20240130;100742;0.024465000;40000;9478490268;B
20240130;100742;0.024465000;1500000;9478490269;B
20240130;100742;0.024465000;5820000;9478490270;B
20240130;100742;0.024460000;80000;9478490281;S
20240130;100742;0.024460000;90000;9478490282;S
20240130;100742;0.024465000;90000;9478490327;B
20240130;100743;0.024460000;20000;9478490344;S
20240130;100743;0.024465000;7090000;9478490396;B
20240130;100743;0.024465000;180000;9478490397;B
20240130;100743;0.024465000;820000;9478490473;B
20240130;100743;0.024465000;1000000;9478490474;B
20240130;100743;0.024465000;1000000;9478490475;B
20240130;100743;0.024465000;1500000;9478490476;B
20240130;100743;0.024465000;4620000;9478490477;B
20240130;100744;0.024465000;41060000;9478490510;S
20240130;100744;0.024460000;2890000;9478490511;S
20240130;100744;0.024460000;6050000;9478490512;S
20240130;100745;0.024470000;10000000;9478490622;B
20240130;100745;0.024470000;10000000;9478490623;B
20240130;100745;0.024470000;80000;9478490624;B
20240130;100745;0.024470000;1000000;9478490625;B
20240130;100745;0.024470000;10000000;9478490626;B
20240130;100745;0.024470000;13000000;9478490627;B
20240130;100745;0.024475000;1770000;9478490628;B
20240130;100745;0.024475000;1500000;9478490629;B
20240130;100745;0.024475000;1500000;9478490630;B
20240130;100745;0.024475000;1500000;9478490631;B
20240130;100745;0.024475000;13000000;9478490632;B
20240130;100745;0.024475000;5000000;9478490633;B
20240130;100745;0.024475000;30000;9478490634;B
20240130;100745;0.024475000;4610000;9478490635;B
20240130;100745;0.024475000;6000000;9478490636;B
20240130;100745;0.024480000;6000000;9478490637;B
20240130;100745;0.024480000;3600000;9478490638;B
20240130;100745;0.024480000;3000000;9478490639;B
20240130;100745;0.024480000;8410000;9478490640;B
20240130;100745;0.024480000;10000;9478490754;B
20240130;100746;0.024480000;820000;9478490822;B
20240130;100746;0.024480000;200000;9478490850;B
20240130;100746;0.024480000;30000;9478490861;B
20240130;100746;0.024480000;40000;9478490875;B
20240130;100747;0.024480000;10000;9478490912;B
20240130;100747;0.024470000;60000;9478490975;S
20240130;100749;0.024470000;440000;9478491312;S
20240130;100749;0.024470000;30000;9478491313;S
20240130;100749;0.024465000;530000;9478491314;S
20240130;100749;0.024480000;900000;9478491346;B
20240130;100749;0.024480000;4100000;9478491347;B
20240130;100751;0.024480000;5900000;9478491553;B
20240130;100751;0.024480000;5210000;9478491554;B
20240130;100751;0.024475000;2110000;9478491607;S
20240130;100752;0.024480000;380000;9478491682;B
20240130;100752;0.024480000;20000;9478491724;B
20240130;100753;0.024480000;50000;9478491853;B
20240130;100753;0.024480000;300000;9478491956;B
20240130;100753;0.024480000;10000;9478491973;B
20240130;100754;0.024480000;120000;9478492028;B
20240130;100755;0.024480000;3910000;9478492148;B
20240130;100755;0.024480000;950000;9478492149;B
20240130;100755;0.024485000;2240000;9478492150;B
20240130;100755;0.024485000;760000;9478492151;B
20240130;100755;0.024485000;5000000;9478492152;B
20240130;100755;0.024485000;4230000;9478492153;B
20240130;100755;0.024485000;10000;9478492154;B
20240130;100755;0.024485000;760000;9478492155;B
20240130;100755;0.024485000;9240000;9478492156;B
20240130;100755;0.024485000;50000;9478492157;B
20240130;100755;0.024485000;2000000;9478492158;B
20240130;100755;0.024485000;4520000;9478492159;B
20240130;100755;0.024490000;24190000;9478492160;B
20240130;100755;0.024490000;3000000;9478492161;B
20240130;100755;0.024490000;3000000;9478492162;B
20240130;100755;0.024490000;6000000;9478492163;B
20240130;100755;0.024490000;3000000;9478492164;B
20240130;100755;0.024490000;6000000;9478492165;B
20240130;100755;0.024490000;3000000;9478492166;B
20240130;100755;0.024490000;6000000;9478492167;B
20240130;100755;0.024485000;400000;9478492217;S
20240130;100755;0.024485000;70000;9478492241;S
20240130;100755;0.024485000;4530000;9478492290;S
20240130;100755;0.024485000;6000000;9478492291;S
20240130;100755;0.024485000;630000;9478492292;S
20240130;100755;0.024490000;3000000;9478492304;B
20240130;100755;0.024490000;6000000;9478492306;B
20240130;100755;0.024490000;6560000;9478492307;B
20240130;100755;0.024490000;10000;9478492308;B
20240130;100755;0.024490000;10000;9478492309;B
20240130;100755;0.024490000;800000;9478492310;B
20240130;100755;0.024490000;10000;9478492311;B
20240130;100755;0.024495000;10000000;9478492312;B
20240130;100755;0.024495000;2000000;9478492313;B
20240130;100755;0.024495000;10000;9478492314;B
20240130;100755;0.024495000;60000;9478492315;B
20240130;100755;0.024500000;100000;9478492316;B
20240130;100755;0.024500000;10000;9478492317;B
20240130;100755;0.024500000;10000;9478492318;B
20240130;100755;0.024500000;500000;9478492319;B
20240130;100755;0.024500000;2380000;9478492320;B
20240130;100755;0.024500000;3000000;9478492321;B
20240130;100755;0.024500000;1030000;9478492322;B
20240130;100755;0.024500000;10000;9478492323;B
20240130;100755;0.024500000;400000;9478492324;B
20240130;100755;0.024500000;10000;9478492325;B
20240130;100755;0.024500000;10000000;9478492326;B
20240130;100755;0.024500000;10000;9478492327;B
20240130;100755;0.024500000;40000;9478492328;B
20240130;100755;0.024500000;100000;9478492329;B
20240130;100755;0.024500000;50000;9478492330;B
20240130;100755;0.024500000;50000;9478492331;B
20240130;100755;0.024500000;20000;9478492332;B
20240130;100755;0.024500000;10000;9478492333;B
20240130;100755;0.024500000;210000;9478492334;B
20240130;100755;0.024500000;1000000;9478492335;B
20240130;100755;0.024500000;20000;9478492336;B
20240130;100755;0.024500000;300000;9478492337;B
20240130;100755;0.024500000;400000;9478492338;B
20240130;100755;0.024500000;5000000;9478492339;B
20240130;100755;0.024500000;10000;9478492340;B
20240130;100755;0.024500000;10000;9478492341;B
20240130;100755;0.024500000;300000;9478492342;B
20240130;100755;0.024500000;1020000;9478492343;B
20240130;100755;0.024500000;3980000;9478492344;B
20240130;100755;0.024500000;50000;9478492345;B
20240130;100755;0.024500000;20000;9478492346;B
20240130;100755;0.024500000;500000;9478492347;B
20240130;100755;0.024500000;10000;9478492348;B
20240130;100755;0.024500000;10000;9478492349;B
20240130;100755;0.024500000;35430000;9478492350;B
20240130;100755;0.024500000;3570000;9478492351;B
20240130;100755;0.024500000;100000;9478492352;B
20240130;100755;0.024500000;1000000;9478492353;B
20240130;100755;0.024500000;1000000;9478492354;B
20240130;100755;0.024500000;10000;9478492355;B
20240130;100755;0.024500000;320000;9478492356;B
20240130;100756;0.024500000;3000000;9478492360;B
20240130;100756;0.024500000;1680000;9478492361;B
20240130;100756;0.024500000;20000;9478492362;B
20240130;100756;0.024500000;100000;9478492363;B
20240130;100756;0.024500000;10000;9478492364;B
20240130;100756;0.024500000;10000;9478492365;B
20240130;100756;0.024500000;10000;9478492366;B
20240130;100756;0.024500000;2450000;9478492367;B
20240130;100756;0.024500000;10000;9478492368;B
20240130;100756;0.024500000;10000;9478492369;B
20240130;100756;0.024500000;1700000;9478492370;B
20240130;100756;0.024500000;300000;9478492371;B
20240130;100756;0.024500000;50000;9478492372;B
20240130;100756;0.024500000;1360000;9478492373;B
20240130;100756;0.024500000;4000000;9478492374;B
20240130;100756;0.024505000;220000;9478492376;B
20240130;100756;0.024505000;60000;9478492377;B
20240130;100756;0.024505000;10000;9478492378;B
20240130;100756;0.024505000;20000;9478492379;B
20240130;100756;0.024505000;20000;9478492380;B
20240130;100756;0.024505000;10000;9478492381;B
20240130;100756;0.024505000;50000;9478492382;B
20240130;100756;0.024505000;10000;9478492383;B
20240130;100756;0.024505000;2000000;9478492384;B
20240130;100756;0.024505000;20000;9478492385;B
20240130;100756;0.024505000;10000;9478492386;B
20240130;100756;0.024505000;900000;9478492387;B
20240130;100756;0.024505000;2000000;9478492388;B
20240130;100756;0.024505000;10000;9478492389;B
20240130;100756;0.024510000;6000000;9478492396;B
20240130;100756;0.024510000;50000;9478492397;B
20240130;100756;0.024510000;10000;9478492398;B
20240130;100756;0.024510000;10000;9478492399;B
20240130;100756;0.024510000;10000;9478492400;B
20240130;100756;0.024510000;4000000;9478492401;B
20240130;100756;0.024515000;500000;9478492410;B
20240130;100756;0.024515000;500000;9478492411;B
20240130;100756;0.024515000;500000;9478492412;B
20240130;100756;0.024515000;20000;9478492413;B
20240130;100756;0.024515000;1680000;9478492414;B
20240130;100756;0.024515000;5000000;9478492415;B
20240130;100756;0.024515000;720000;9478492416;B
20240130;100756;0.024515000;10000;9478492417;B
20240130;100756;0.024515000;1610000;9478492418;B
20240130;100756;0.024515000;10000;9478492419;B
20240130;100756;0.024515000;4110000;9478492420;B
20240130;100756;0.024520000;1500000;9478492421;B
20240130;100756;0.024520000;1500000;9478492422;B
20240130;100756;0.024520000;10000;9478492423;B
20240130;100756;0.024520000;30530000;9478492424;B
20240130;100756;0.024520000;3000000;9478492425;B
20240130;100756;0.024520000;5000000;9478492426;B
20240130;100756;0.024515000;5000000;9478492441;S
20240130;100756;0.024515000;5000000;9478492442;S
20240130;100756;0.024520000;3000000;9478492449;B
20240130;100756;0.024515000;10000;9478492452;S
20240130;100756;0.024515000;30000;9478492457;S
20240130;100756;0.024515000;10000;9478492464;S
20240130;100756;0.024515000;10000;9478492465;S
20240130;100756;0.024515000;2180000;9478492467;S
20240130;100756;0.024520000;5000000;9478492469;B
20240130;100756;0.024520000;3000000;9478492470;B
20240130;100756;0.024520000;3000000;9478492471;B
20240130;100756;0.024520000;1800000;9478492472;B
20240130;100756;0.024520000;1020000;9478492473;B
20240130;100756;0.024520000;100000;9478492474;B
20240130;100756;0.024520000;1000000;9478492475;B
20240130;100756;0.024520000;200000;9478492476;B
20240130;100756;0.024520000;100000;9478492477;B
20240130;100756;0.024520000;300000;9478492478;B
20240130;100756;0.024520000;100000;9478492479;B
20240130;100756;0.024520000;200000;9478492480;B
20240130;100756;0.024515000;760000;9478492481;S
20240130;100756;0.024515000;1240000;9478492482;S
20240130;100756;0.024520000;200000;9478492483;B
20240130;100756;0.024520000;100000;9478492485;B
20240130;100756;0.024520000;300000;9478492486;B
20240130;100756;0.024520000;200000;9478492487;B
20240130;100756;0.024520000;200000;9478492488;B
20240130;100756;0.024520000;15000000;9478492490;B
20240130;100756;0.024515000;3000000;9478492491;S
20240130;100756;0.024520000;100000;9478492492;B
20240130;100756;0.024520000;300000;9478492493;B
20240130;100756;0.024515000;150000;9478492494;S
20240130;100756;0.024515000;20000;9478492496;S
20240130;100756;0.024515000;590000;9478492497;S
20240130;100756;0.024515000;4410000;9478492498;S
20240130;100756;0.024515000;20000;9478492528;S
20240130;100756;0.024520000;2500000;9478492529;B
20240130;100756;0.024515000;30000;9478492536;S
20240130;100756;0.024515000;1700000;9478492537;S
20240130;100756;0.024520000;1430000;9478492538;B
20240130;100756;0.024515000;10000;9478492539;S
20240130;100756;0.024515000;160000;9478492551;S
20240130;100756;0.024515000;10000;9478492553;S
20240130;100757;0.024520000;5000000;9478492558;B
20240130;100757;0.024520000;900000;9478492559;B
20240130;100757;0.024520000;1400000;9478492560;B
20240130;100757;0.024515000;1000000;9478492561;S
20240130;100757;0.024515000;10000;9478492567;S
20240130;100757;0.024515000;4320000;9478492571;S
20240130;100757;0.024515000;4480000;9478492572;S
20240130;100757;0.024515000;640000;9478492573;S
20240130;100757;0.024515000;100000;9478492574;S
20240130;100757;0.024515000;100000;9478492575;S
20240130;100757;0.024515000;100000;9478492576;S
20240130;100757;0.024515000;100000;9478492577;S
20240130;100757;0.024515000;100000;9478492578;S
20240130;100757;0.024515000;60000;9478492579;S
20240130;100757;0.024515000;10000;9478492586;S
20240130;100757;0.024515000;10000;9478492591;S
20240130;100757;0.024515000;20000;9478492592;S
20240130;100757;0.024515000;100000;9478492593;S
20240130;100757;0.024515000;80000;9478492594;S
20240130;100757;0.024515000;10000;9478492596;S
20240130;100757;0.024515000;10000;9478492600;S
20240130;100757;0.024515000;20000;9478492601;S
20240130;100757;0.024515000;10000;9478492648;S
20240130;100757;0.024515000;70000;9478492649;S
20240130;100757;0.024515000;20000;9478492650;S
20240130;100757;0.024520000;40000;9478492660;B
20240130;100757;0.024515000;10000;9478492662;S
20240130;100757;0.024515000;70000;9478492663;S
20240130;100757;0.024515000;80000;9478492664;S
20240130;100757;0.024520000;400000;9478492665;B
20240130;100757;0.024520000;100000;9478492666;B
20240130;100757;0.024520000;100000;9478492669;B
20240130;100757;0.024520000;100000;9478492670;B
20240130;100757;0.024520000;100000;9478492671;B
20240130;100757;0.024520000;100000;9478492672;B
20240130;100757;0.024520000;100000;9478492673;B
20240130;100757;0.024520000;200000;9478492674;B
20240130;100757;0.024520000;200000;9478492675;B
20240130;100757;0.024520000;200000;9478492676;B
20240130;100757;0.024520000;700000;9478492677;B
20240130;100757;0.024515000;10000;9478492685;S
20240130;100757;0.024520000;100000;9478492687;B
20240130;100757;0.024520000;200000;9478492688;B
20240130;100757;0.024520000;100000;9478492689;B
20240130;100757;0.024520000;100000;9478492690;B
20240130;100757;0.024520000;400000;9478492694;B
20240130;100757;0.024520000;100000;9478492695;B
20240130;100757;0.024520000;200000;9478492696;B
20240130;100757;0.024520000;200000;9478492697;B
20240130;100757;0.024520000;700000;9478492698;B
20240130;100757;0.024515000;10000;9478492699;S
20240130;100757;0.024520000;100000;9478492700;B
20240130;100757;0.024520000;100000;9478492701;B
20240130;100757;0.024520000;100000;9478492702;B
20240130;100757;0.024520000;100000;9478492703;B
20240130;100757;0.024520000;100000;9478492705;B
20240130;100757;0.024520000;200000;9478492706;B
20240130;100757;0.024520000;100000;9478492707;B
20240130;100757;0.024520000;100000;9478492708;B
20240130;100757;0.024520000;100000;9478492709;B
20240130;100757;0.024520000;100000;9478492710;B
20240130;100757;0.024520000;100000;9478492711;B
20240130;100757;0.024520000;100000;9478492712;B
20240130;100757;0.024520000;100000;9478492713;B
20240130;100757;0.024520000;100000;9478492716;B
20240130;100757;0.024520000;5000000;9478492721;B
20240130;100757;0.024520000;100000;9478492751;B
20240130;100757;0.024520000;100000;9478492781;B
20240130;100758;0.024515000;10000;9478492883;S
20240130;100758;0.024520000;100000;9478492893;B
20240130;100758;0.024515000;190000;9478492894;S
20240130;100758;0.024515000;500000;9478492895;S
20240130;100758;0.024515000;200000;9478492896;S
20240130;100758;0.024515000;100000;9478492897;S
20240130;100758;0.024515000;100000;9478492898;S
20240130;100758;0.024515000;100000;9478492899;S
20240130;100758;0.024515000;200000;9478492900;S
20240130;100758;0.024515000;200000;9478492901;S
20240130;100758;0.024515000;300000;9478492902;S
20240130;100758;0.024515000;100000;9478492903;S
20240130;100758;0.024515000;100000;9478492904;S
20240130;100758;0.024515000;100000;9478492905;S
20240130;100758;0.024515000;100000;9478492906;S
20240130;100758;0.024515000;200000;9478492907;S
20240130;100758;0.024515000;300000;9478492908;S
20240130;100758;0.024515000;300000;9478492909;S
20240130;100758;0.024515000;200000;9478492910;S
20240130;100758;0.024515000;15500000;9478492911;S
20240130;100758;0.024515000;590000;9478492912;S
20240130;100758;0.024520000;100000;9478492917;B
20240130;100758;0.024515000;20000;9478492953;S
20240130;100758;0.024515000;10000;9478492971;S
20240130;100758;0.024515000;10000;9478492972;S
20240130;100758;0.024515000;20000;9478492973;S
20240130;100759;0.024520000;3680000;9478492991;B
20240130;100759;0.024520000;6320000;9478492992;B
20240130;100759;0.024520000;3000000;9478493033;B
20240130;100759;0.024520000;2060000;9478493034;B
20240130;100759;0.024520000;40000;9478493035;B
20240130;100759;0.024515000;10000;9478493050;S
20240130;100759;0.024520000;960000;9478493187;B
20240130;100759;0.024520000;10000000;9478493188;B
20240130;100759;0.024520000;50000;9478493189;B
20240130;100759;0.024520000;10000;9478493190;B
20240130;100759;0.024520000;40000;9478493191;B
20240130;100759;0.024520000;10000;9478493192;B
20240130;100759;0.024520000;10000;9478493193;B
20240130;100759;0.024520000;7500000;9478493194;B
20240130;100759;0.024520000;10000;9478493195;B
20240130;100800;0.024520000;10000;9478493205;S
20240130;100800;0.024520000;10000;9478493206;S
20240130;100800;0.024520000;10000;9478493218;S
20240130;100800;0.024525000;10000;9478493230;B
20240130;100800;0.024520000;10000;9478493241;S
20240130;100800;0.024520000;10000;9478493304;S
20240130;100800;0.024520000;100000;9478493307;S
20240130;100800;0.024520000;10000;9478493321;S
20240130;100800;0.024520000;20000;9478493322;S
20240130;100800;0.024520000;10000;9478493323;S
20240130;100800;0.024525000;40000;9478493331;B
20240130;100800;0.024525000;10000;9478493332;B
20240130;100800;0.024525000;10000;9478493333;B
20240130;100800;0.024525000;2000000;9478493334;B
20240130;100800;0.024525000;150000;9478493335;B
20240130;100800;0.024525000;290000;9478493336;B
20240130;100800;0.024525000;200000;9478493355;B
20240130;100801;0.024525000;10000;9478493454;B
20240130;100801;0.024525000;1000000;9478493455;B
20240130;100801;0.024525000;10000;9478493456;B
20240130;100801;0.024525000;500000;9478493457;B
20240130;100801;0.024525000;8480000;9478493458;B
20240130;100801;0.024520000;31220000;9478493478;S
20240130;100801;0.024520000;11670000;9478493479;S
20240130;100801;0.024520000;2110000;9478493480;S
20240130;100801;0.024525000;5000000;9478493513;B
20240130;100801;0.024520000;100000;9478493567;S
20240130;100802;0.024525000;10000000;9478493602;B
20240130;100802;0.024520000;10000;9478493608;S
20240130;100802;0.024520000;40000;9478493657;S
20240130;100802;0.024520000;4740000;9478493671;S
20240130;100802;0.024520000;50000;9478493698;S
20240130;100802;0.024525000;10000;9478493701;B
20240130;100803;0.024520000;50000;9478493739;S
20240130;100803;0.024525000;30000;9478493740;B
20240130;100803;0.024520000;50000;9478493752;S
20240130;100803;0.024520000;500000;9478493849;S
20240130;100803;0.024525000;1000000;9478493867;B
20240130;100804;0.024520000;50000;9478493888;S
20240130;100804;0.024520000;10000;9478493893;S
20240130;100804;0.024520000;40000;9478493903;S
20240130;100804;0.024520000;40000;9478493910;S
20240130;100804;0.024525000;60000;9478493920;B
20240130;100805;0.024520000;2210000;9478494050;S
20240130;100805;0.024520000;140000;9478494051;S
20240130;100805;0.024520000;6800000;9478494052;S
20240130;100805;0.024520000;5000000;9478494053;S
20240130;100805;0.024520000;5000000;9478494054;S
20240130;100805;0.024520000;5000000;9478494055;S
20240130;100805;0.024520000;12890000;9478494056;S
20240130;100805;0.024525000;100000;9478494115;B
20240130;100806;0.024525000;10000;9478494196;B
20240130;100806;0.024520000;8170000;9478494227;S
20240130;100807;0.024525000;10000000;9478494328;B
20240130;100807;0.024520000;100000;9478494358;S
20240130;100807;0.024525000;1000000;9478494377;B
20240130;100807;0.024520000;40000;9478494382;S
20240130;100807;0.024520000;2850000;9478494383;S
20240130;100808;0.024525000;15000000;9478494404;B
20240130;100808;0.024525000;10000;9478494512;B
20240130;100809;0.024520000;40000;9478494542;S
20240130;100809;0.024525000;3000000;9478494551;B
20240130;100809;0.024525000;1000000;9478494553;B
20240130;100809;0.024525000;3500000;9478494607;B
20240130;100809;0.024520000;470000;9478494725;S
20240130;100809;0.024520000;10000;9478494726;S
20240130;100809;0.024520000;10000;9478494727;S
20240130;100809;0.024520000;20000;9478494728;S
20240130;100809;0.024520000;20000;9478494729;S
20240130;100809;0.024520000;10000;9478494730;S
20240130;100809;0.024520000;20000;9478494731;S
20240130;100809;0.024520000;20000;9478494732;S
20240130;100809;0.024520000;20000;9478494733;S
20240130;100809;0.024520000;70000;9478494734;S
20240130;100809;0.024520000;20000;9478494735;S
20240130;100810;0.024520000;4310000;9478494797;B
20240130;100810;0.024520000;4570000;9478494798;B
20240130;100810;0.024520000;1120000;9478494799;B
20240130;100810;0.024520000;20000;9478494825;B
20240130;100810;0.024520000;2970000;9478494890;B
20240130;100810;0.024520000;3000000;9478494891;B
20240130;100810;0.024520000;1130000;9478494892;B
20240130;100810;0.024520000;500000;9478494895;B
20240130;100811;0.024520000;2000000;9478495056;B
20240130;100811;0.024515000;2050000;9478495135;S
20240130;100811;0.024520000;10000;9478495158;B
20240130;100811;0.024520000;1260000;9478495165;B
20240130;100811;0.024520000;710000;9478495166;B
20240130;100812;0.024515000;10000;9478495188;S
20240130;100812;0.024520000;360000;9478495194;B
20240130;100812;0.024520000;7500000;9478495195;B
20240130;100812;0.024525000;2140000;9478495196;B
20240130;100812;0.024525000;12740000;9478495245;B
20240130;100812;0.024525000;40000;9478495247;B
20240130;100812;0.024520000;10000;9478495255;S
20240130;100812;0.024520000;1000000;9478495267;S
20240130;100813;0.024520000;3500000;9478495396;S
20240130;100813;0.024525000;10000000;9478495406;B
20240130;100814;0.024525000;100000;9478495578;B
20240130;100814;0.024525000;16780000;9478495585;B
20240130;100814;0.024525000;10000;9478495586;B
20240130;100814;0.024525000;10000;9478495587;B
20240130;100814;0.024525000;3200000;9478495588;B
20240130;100814;0.024520000;7160000;9478495590;S
20240130;100814;0.024515000;2280000;9478495591;S
20240130;100814;0.024515000;6000000;9478495592;S
20240130;100814;0.024515000;4560000;9478495593;S
20240130;100814;0.024525000;290000;9478495638;B
20240130;100814;0.024525000;3000000;9478495644;B
20240130;100815;0.024520000;100000;9478495663;S
20240130;100815;0.024525000;410000;9478495702;B
20240130;100815;0.024515000;5000000;9478495795;S
20240130;100816;0.024525000;3100000;9478495831;B
20240130;100816;0.024525000;50000;9478495832;B
20240130;100816;0.024525000;10000;9478495833;B
20240130;100816;0.024525000;4520000;9478495834;B
20240130;100816;0.024530000;10000;9478495835;B
20240130;100816;0.024530000;2490000;9478495836;B
20240130;100816;0.024530000;2500000;9478495837;B
20240130;100816;0.024530000;2500000;9478495838;B
20240130;100816;0.024530000;2500000;9478495839;B
20240130;100816;0.024530000;10000;9478495840;B
20240130;100816;0.024530000;100000;9478495841;B
20240130;100816;0.024530000;800000;9478495842;B
20240130;100816;0.024530000;50000;9478495843;B
20240130;100816;0.024530000;40000;9478495844;B
20240130;100816;0.024530000;1500000;9478495845;B
20240130;100816;0.024530000;3500000;9478495868;B
20240130;100816;0.024530000;10000;9478495869;B
20240130;100816;0.024530000;2490000;9478495870;B
20240130;100816;0.024530000;160000;9478495877;B
20240130;100816;0.024520000;3000000;9478495884;S
20240130;100816;0.024515000;2110000;9478495885;S
20240130;100816;0.024515000;4890000;9478495886;S
20240130;100816;0.024530000;10000;9478495916;B
20240130;100817;0.024525000;40000;9478495994;S
20240130;100817;0.024525000;560000;9478496029;S
20240130;100817;0.024525000;120000;9478496035;S
20240130;100817;0.024525000;30000;9478496069;S
20240130;100817;0.024525000;250000;9478496083;S
20240130;100817;0.024525000;150000;9478496084;S
20240130;100817;0.024520000;600000;9478496085;S
20240130;100817;0.024530000;30000;9478496092;B
20240130;100817;0.024530000;60000;9478496093;B
20240130;100817;0.024530000;10000;9478496094;B
20240130;100817;0.024530000;10000;9478496095;B
20240130;100817;0.024530000;40000;9478496096;B
20240130;100818;0.024520000;10000;9478496167;S
20240130;100818;0.024520000;20000;9478496219;S
20240130;100819;0.024530000;660000;9478496250;B
20240130;100819;0.024530000;10000;9478496251;B
20240130;100819;0.024530000;1300000;9478496252;B
20240130;100819;0.024530000;2060000;9478496253;B
20240130;100819;0.024535000;10000;9478496254;B
20240130;100819;0.024535000;2500000;9478496255;B
20240130;100819;0.024535000;30000;9478496256;B
20240130;100819;0.024535000;10000;9478496257;B
20240130;100819;0.024535000;1220000;9478496258;B
20240130;100819;0.024535000;1230000;9478496259;B
20240130;100819;0.024535000;590000;9478496261;B
20240130;100819;0.024535000;9410000;9478496289;B
20240130;100819;0.024535000;10000;9478496290;B
20240130;100819;0.024540000;2500000;9478496291;B
20240130;100819;0.024540000;1000000;9478496292;B
20240130;100819;0.024540000;2000000;9478496293;B
20240130;100819;0.024540000;10000;9478496294;B
20240130;100819;0.024540000;6000000;9478496295;B
20240130;100819;0.024540000;10000;9478496296;B
20240130;100819;0.024540000;1060000;9478496297;B
20240130;100819;0.024540000;2500000;9478496298;B
20240130;100819;0.024540000;440000;9478496299;B
20240130;100819;0.024540000;2060000;9478496300;B
20240130;100819;0.024530000;20000;9478496334;B
20240130;100819;0.024525000;470000;9478496343;S
20240130;100819;0.024525000;910000;9478496344;S
20240130;100819;0.024530000;20000;9478496354;B
20240130;100819;0.024530000;500000;9478496360;B
20240130;100819;0.024525000;20000;9478496369;S
20240130;100819;0.024525000;280000;9478496370;S
20240130;100820;0.024530000;1450000;9478496382;B
20240130;100820;0.024540000;560000;9478496383;B
20240130;100820;0.024525000;3000000;9478496406;S
20240130;100820;0.024525000;1000000;9478496407;S
20240130;100820;0.024525000;3000000;9478496427;S
20240130;100820;0.024525000;4070000;9478496430;B
20240130;100820;0.024525000;1000000;9478496497;B
20240130;100821;0.024520000;10000000;9478496557;S
20240130;100821;0.024520000;10000;9478496612;S
20240130;100822;0.024525000;810000;9478496660;B
20240130;100822;0.024525000;9190000;9478496661;B
20240130;100822;0.024525000;810000;9478496693;B
20240130;100822;0.024530000;5000000;9478496762;S
20240130;100822;0.024530000;10000;9478496777;S
20240130;100823;0.024530000;10000;9478496978;S
20240130;100823;0.024535000;10000;9478497107;B
20240130;100823;0.024535000;10000;9478497108;B
20240130;100823;0.024535000;280000;9478497109;B
20240130;100824;0.024535000;2040000;9478497228;B
20240130;100824;0.024535000;220000;9478497232;B
20240130;100824;0.024535000;460000;9478497279;B
20240130;100824;0.024535000;9540000;9478497280;B
20240130;100825;0.024530000;10000;9478497292;S
20240130;100825;0.024535000;2680000;9478497300;B
20240130;100826;0.024530000;10000;9478497474;S
20240130;100826;0.024535000;10000;9478497492;B
20240130;100826;0.024540000;70000;9478497493;B
20240130;100827;0.024530000;1350000;9478497585;S
20240130;100827;0.024530000;50000;9478497697;S
20240130;100828;0.024540000;430000;9478497813;B
20240130;100828;0.024540000;50000;9478497814;B
20240130;100828;0.024540000;10000;9478497815;B
20240130;100828;0.024540000;10000;9478497816;B
20240130;100828;0.024540000;4000000;9478497817;B
20240130;100828;0.024540000;3000000;9478497818;B
20240130;100828;0.024540000;12220000;9478497819;B
20240130;100828;0.024540000;10000;9478497820;B
20240130;100828;0.024540000;270000;9478497821;B
20240130;100828;0.024540000;10000000;9478497844;B
20240130;100828;0.024540000;30000;9478497884;B
20240130;100828;0.024530000;10000000;9478497885;S
20240130;100828;0.024540000;1250000;9478497895;B
20240130;100829;0.024540000;300000;9478498051;B
20240130;100829;0.024530000;10000;9478498102;S
20240130;100830;0.024530000;3000000;9478498196;S
20240130;100830;0.024535000;100000;9478498261;B
20240130;100830;0.024530000;10000;9478498275;S
20240130;100831;0.024530000;500000;9478498359;S
20240130;100831;0.024535000;40000;9478498369;B
20240130;100831;0.024535000;100000;9478498392;B
20240130;100832;0.024530000;10000;9478498532;S
20240130;100832;0.024535000;400000;9478498571;B
20240130;100832;0.024530000;5080000;9478498605;S
20240130;100833;0.024530000;40000;9478498695;S
20240130;100834;0.024535000;20000;9478498822;B
20240130;100834;0.024535000;10000000;9478498832;B
20240130;100834;0.024535000;4260000;9478498835;B
20240130;100834;0.024535000;3000000;9478498836;B
20240130;100834;0.024540000;8600000;9478498837;B
20240130;100834;0.024530000;16600000;9478498863;S
20240130;100834;0.024530000;490000;9478498864;S
20240130;100834;0.024530000;1000000;9478498865;S
20240130;100834;0.024525000;6910000;9478498866;S
20240130;100834;0.024530000;100000;9478498904;S
20240130;100834;0.024525000;100000;9478498905;S
20240130;100835;0.024535000;10000;9478499024;B
20240130;100837;0.024535000;40000;9478499283;B
20240130;100838;0.024535000;3000000;9478499315;B
20240130;100838;0.024535000;5000000;9478499316;B
20240130;100838;0.024535000;7000000;9478499317;B
20240130;100838;0.024530000;10000;9478499329;S
20240130;100838;0.024530000;20000;9478499330;S
20240130;100838;0.024530000;150000;9478499371;S
20240130;100839;0.024530000;30000;9478499498;S
20240130;100839;0.024530000;300000;9478499509;S
20240130;100839;0.024530000;1700000;9478499510;S
20240130;100840;0.024535000;10000;9478499577;B
20240130;100840;0.024530000;1200000;9478499585;S
20240130;100840;0.024535000;10000;9478499723;B
20240130;100840;0.024530000;450000;9478499733;S
20240130;100840;0.024535000;500000;9478499735;B
20240130;100840;0.024530000;3370000;9478499795;S
20240130;100841;0.024535000;20000;9478499810;B
20240130;100841;0.024530000;1500000;9478499889;S
20240130;100841;0.024535000;300000;9478499905;B
20240130;100842;0.024530000;6000000;9478499975;S
20240130;100842;0.024530000;500000;9478499976;S
20240130;100842;0.024530000;3500000;9478499977;S
20240130;100842;0.024530000;50000;9478500029;B
20240130;100842;0.024525000;2000000;9478500049;S
20240130;100843;0.024525000;2300000;9478500158;S
20240130;100843;0.024525000;10000000;9478500159;S
20240130;100843;0.024525000;500000;9478500160;S
20240130;100843;0.024520000;600000;9478500161;S
20240130;100843;0.024520000;36600000;9478500162;S
20240130;100843;0.024525000;10000;9478500216;S
20240130;100843;0.024525000;490000;9478500252;S
20240130;100843;0.024520000;23510000;9478500253;S
20240130;100844;0.024520000;4490000;9478500434;S
20240130;100844;0.024520000;500000;9478500435;S
20240130;100844;0.024515000;15110000;9478500436;S
