<DATE>;<TIME>;<LAST>;<VOL>;<ID>;<OPER>
20240228;095951;0.0234;100000;9707825918;B
20240228;095951;0.0234;440000;9707825919;B
20240228;095951;0.0234;1000000;9707825920;B
20240228;095951;0.0234;10000;9707825921;B
20240228;095951;0.0234;200000;9707825922;B
20240228;095951;0.0234;90000;9707825923;B
20240228;095951;0.0234;100000;9707825924;B
20240228;095951;0.0234;160000;9707825925;B
20240228;095951;0.0234;10000;9707825926;B
20240228;095951;0.0234;4100000;9707825927;B
20240228;095951;0.0234;10000;9707825928;B
20240228;095951;0.0234;20000;9707825929;B
20240228;095951;0.0234;10000;9707825930;B
20240228;095951;0.0234;100000;9707825931;B
20240228;095951;0.0234;10000;9707825932;B
20240228;095951;0.0234;10000;9707825933;B
20240228;095951;0.0234;10000;9707825934;B
20240228;095951;0.0234;730000;9707825935;B
20240228;095951;0.0234;10000;9707825936;B
20240228;095951;0.0234;10000;9707825937;B
20240228;095951;0.0234;40000;9707825938;B
20240228;095951;0.0234;10000;9707825939;B
20240228;095951;0.0234;20000;9707825940;B
20240228;095951;0.0234;1300000;9707825941;B
20240228;095951;0.0234;100000;9707825942;B
20240228;095951;0.0234;90000;9707825943;B
20240228;095951;0.0234;20000;9707825944;B
20240228;095951;0.0234;80000;9707825945;S
20240228;095951;0.0234;100000;9707825946;S
20240228;095951;0.0234;20000;9707825947;S
20240228;095951;0.0234;660000;9707825948;S
20240228;095951;0.0234;120000;9707825949;S
20240228;095951;0.0234;10000;9707825950;S
20240228;095951;0.0234;100000;9707825951;S
20240228;095951;0.0234;30000;9707825952;S
20240228;095951;0.0234;10000;9707825953;S
20240228;095951;0.0234;10000;9707825954;B
20240228;095951;0.0234;10000;9707825955;S
20240228;095951;0.0234;10000;9707825956;B
20240228;095951;0.0234;10000;9707825957;S
20240228;095951;0.0234;10000;9707825958;S
20240228;095951;0.0234;10000;9707825959;B
20240228;095951;0.0234;470000;9707825960;S
20240228;095951;0.0234;30000;9707825961;S
20240228;095951;0.0234;430000;9707825962;S
20240228;095951;0.0234;1570000;9707825963;S
20240228;095951;0.0234;1600000;9707825964;S
20240228;095951;0.0234;10000;9707825965;S
20240228;095951;0.0234;1850000;9707825966;B
20240228;095951;0.0234;10000;9707825967;B
20240228;095951;0.0234;20000;9707825968;S
20240228;095951;0.0234;10000;9707825969;B
20240228;095951;0.0234;10000;9707825970;S
20240228;095951;0.0234;40000;9707825971;S
20240228;095951;0.0234;10000;9707825972;S
20240228;095951;0.0234;10000;9707825973;S
20240228;095951;0.0234;240000;9707825974;S
20240228;095951;0.0234;60000;9707825975;S
20240228;095951;0.0234;40000;9707825976;S
20240228;095951;0.0234;90000;9707825977;S
20240228;095951;0.0234;10000;9707825978;S
20240228;095951;0.0234;50000;9707825979;S
20240228;095951;0.0234;70000;9707825980;S
20240228;095951;0.0234;10000;9707825981;S
20240228;095951;0.0234;10000;9707825982;S
20240228;095951;0.0234;10000;9707825983;S
20240228;095951;0.0234;10000;9707825984;S
20240228;095951;0.0234;10000;9707825985;S
20240228;095951;0.0234;20000;9707825986;S
20240228;095951;0.0234;10000;9707825987;S
20240228;095951;0.0234;5000000;9707825988;S
20240228;095951;0.0234;80000;9707825989;S
20240228;095951;0.0234;10000;9707825990;B
20240228;095951;0.0234;8020000;9707825991;B
20240228;095951;0.0234;10000;9707825992;B
20240228;095951;0.0234;27000000;9707825993;S
20240228;095951;0.0234;4100000;9707825994;S
20240228;095951;0.0234;90000;9707825995;S
20240228;095951;0.0234;280000;9707825996;S
20240228;095951;0.0234;530000;9707825997;S
20240228;095951;0.0234;20000;9707825998;S
20240228;095951;0.0234;100000;9707825999;S
20240228;095951;0.0234;20000;9707826000;B
20240228;095951;0.0234;10000;9707826001;B
20240228;095951;0.0234;30000;9707826002;B
20240228;095951;0.0234;1290000;9707826003;B
20240228;095951;0.0234;860000;9707826004;S
20240228;095951;0.0234;20000;9707826005;B
20240228;095951;0.0234;20000;9707826006;B
20240228;095951;0.0234;10000;9707826007;B
20240228;095951;0.0234;70000;9707826008;B
20240228;095951;0.0234;10000;9707826009;B
20240228;095951;0.0234;50000;9707826010;B
20240228;095951;0.0234;10000;9707826011;B
20240228;095951;0.0234;10000;9707826012;B
20240228;095951;0.0234;20000;9707826013;B
20240228;095951;0.0234;7590000;9707826014;B
20240228;095951;0.0234;550000;9707826015;B
20240228;095951;0.0234;410000;9707826016;B
20240228;095951;0.0234;10000;9707826017;B
20240228;095951;0.0234;20000;9707826018;B
20240228;095951;0.0234;100000;9707826019;B
20240228;095951;0.0234;10000;9707826020;B
20240228;095951;0.0234;2390000;9707826021;B
20240228;095951;0.0234;20000;9707826022;B
20240228;095951;0.0234;10000;9707826023;B
20240228;095951;0.0234;1580000;9707826024;B
20240228;095951;0.0234;10000;9707826025;B
20240228;095951;0.0234;50000;9707826026;B
20240228;095951;0.0234;20000;9707826027;S
20240228;095951;0.0234;50000;9707826028;B
20240228;095951;0.0234;2290000;9707826029;B
20240228;095951;0.0234;200000;9707826030;B
20240228;095951;0.0234;1290000;9707826031;B
20240228;095951;0.0234;240000;9707826032;B
20240228;095951;0.0234;10000;9707826033;B
20240228;095951;0.0234;10000;9707826034;B
20240228;095951;0.0234;10000;9707826035;B
20240228;095951;0.0234;10000;9707826036;B
20240228;095951;0.0234;20000;9707826037;B
20240228;095951;0.0234;920000;9707826038;B
20240228;095951;0.0234;100000;9707826039;B
20240228;095951;0.0234;50000;9707826040;B
20240228;095951;0.0234;300000;9707826041;B
20240228;095951;0.0234;20000;9707826042;B
20240228;095951;0.0234;70000;9707826043;B
20240228;095951;0.0234;70000;9707826044;B
20240228;095951;0.0234;1350000;9707826045;B
20240228;095951;0.0234;420000;9707826046;B
20240228;095951;0.0234;10000;9707826047;B
20240228;095951;0.0234;220000;9707826048;B
20240228;095951;0.0234;780000;9707826049;B
20240228;095951;0.0234;10000;9707826050;B
20240228;095951;0.0234;10000;9707826051;B
20240228;095951;0.0234;60000;9707826052;B
20240228;095951;0.0234;430000;9707826053;B
20240228;095951;0.0234;20000;9707826054;B
20240228;100000;0.0234;1690000;9707828425;B
20240228;100000;0.0234;10000;9707828426;B
20240228;100000;0.0234;1300000;9707828427;B
20240228;100000;0.0234;2400000;9707828429;B
20240228;100000;0.0234;30000;9707828446;B
20240228;100000;0.0234;50000;9707828447;B
20240228;100000;0.0234;120000;9707828448;B
20240228;100000;0.0234;1880000;9707828515;B
20240228;100000;0.0234;50000;9707828516;B
20240228;100000;0.0234;30000;9707828517;B
20240228;100000;0.0234;200000;9707828653;S
20240228;100000;0.0234;20000;9707828746;S
20240228;100000;0.0234;820000;9707828747;S
20240228;100000;0.0234;3180000;9707828748;S
20240228;100000;0.023405;300000;9707828752;B
20240228;100000;0.023405;10000;9707828753;B
20240228;100000;0.023405;4690000;9707828754;B
20240228;100001;0.023405;2000000;9707829215;B
20240228;100001;0.023405;500000;9707829665;B
20240228;100003;0.023405;900000;9707830984;B
20240228;100003;0.023405;730000;9707831123;B
20240228;100003;0.023405;50000;9707831124;B
20240228;100003;0.023405;10000;9707831125;B
20240228;100003;0.023405;10000;9707831126;B
20240228;100003;0.023405;10000;9707831127;B
20240228;100003;0.023405;190000;9707831128;B
20240228;100003;0.023405;500000;9707831247;B
20240228;100003;0.023405;50000;9707831352;B
20240228;100003;0.023405;600000;9707831368;B
20240228;100003;0.023405;290000;9707831374;B
20240228;100004;0.0234;1820000;9707831597;S
20240228;100004;0.0234;7560000;9707831598;S
20240228;100004;0.0234;620000;9707831599;S
20240228;100004;0.023405;1000000;9707831736;B
20240228;100004;0.023395;10000;9707831737;S
20240228;100004;0.023405;50000;9707831740;B
20240228;100004;0.023405;10000;9707831981;B
20240228;100005;0.023395;40000;9707831986;S
20240228;100005;0.023405;10000;9707831990;B
20240228;100005;0.023405;10000;9707831991;B
20240228;100005;0.023405;10000;9707831994;B
20240228;100005;0.023395;10000;9707832213;S
20240228;100005;0.023405;120000;9707832216;B
20240228;100005;0.023405;30000;9707832221;B
20240228;100005;0.023405;50000;9707832228;B
20240228;100005;0.023395;50000;9707832369;S
20240228;100005;0.023405;10000;9707832534;B
20240228;100005;0.023405;10000;9707832537;B
20240228;100005;0.023395;50000;9707832704;S
20240228;100005;0.023405;30000;9707832731;B
20240228;100005;0.023405;10000;9707832732;B
20240228;100005;0.023395;1500000;9707832765;S
20240228;100005;0.023405;50000;9707832766;B
20240228;100005;0.023405;50000;9707832768;B
20240228;100005;0.023405;30000;9707832769;B
20240228;100005;0.023395;10000;9707832771;S
20240228;100005;0.023405;20000;9707832772;B
20240228;100005;0.023395;20000;9707832773;S
20240228;100005;0.023395;20000;9707832774;S
20240228;100005;0.023405;40000;9707832932;B
20240228;100005;0.023395;50000;9707832934;S
20240228;100005;0.023405;10000;9707832935;B
20240228;100005;0.023405;10000;9707832936;B
20240228;100005;0.023395;50000;9707832944;S
20240228;100005;0.023405;10000;9707832948;B
20240228;100005;0.023395;10000;9707833413;S
20240228;100005;0.023395;10000;9707833416;S
20240228;100005;0.023395;50000;9707833479;S
20240228;100005;0.023405;40000;9707833494;B
20240228;100005;0.023395;30000;9707833496;S
20240228;100005;0.023405;10000;9707833499;B
20240228;100005;0.023405;40000;9707833531;B
20240228;100005;0.023405;50000;9707833534;B
20240228;100005;0.023405;50000;9707833536;B
20240228;100005;0.023395;40000;9707833539;S
20240228;100005;0.023405;100000;9707833541;B
20240228;100006;0.023395;110000;9707833719;S
20240228;100006;0.023395;50000;9707833903;S
20240228;100006;0.023405;10000;9707833904;B
20240228;100006;0.023405;10000;9707833905;B
20240228;100006;0.023405;50000;9707833906;B
20240228;100006;0.023395;10000;9707834026;S
20240228;100006;0.023405;40000;9707834041;B
20240228;100006;0.023405;50000;9707834046;B
20240228;100006;0.023395;10000;9707834047;S
20240228;100006;0.023405;20000;9707834049;B
20240228;100006;0.023405;10000;9707834055;B
20240228;100006;0.023395;10000;9707834062;S
20240228;100006;0.023405;20000;9707834205;B
20240228;100006;0.023405;10000;9707834206;B
20240228;100006;0.023395;50000;9707834207;S
20240228;100006;0.023405;40000;9707834379;B
20240228;100006;0.023395;30000;9707834380;S
20240228;100006;0.023395;10000;9707834382;S
20240228;100006;0.023395;10000;9707834383;S
20240228;100006;0.023405;20000;9707834384;B
20240228;100006;0.023405;50000;9707834458;B
20240228;100006;0.023405;50000;9707834461;B
20240228;100006;0.023405;50000;9707834462;B
20240228;100006;0.023395;200000;9707834594;S
20240228;100006;0.023405;10000;9707834595;B
20240228;100006;0.023405;10000;9707834596;B
20240228;100007;0.023395;50000;9707834999;S
20240228;100007;0.0234;30000;9707835000;B
20240228;100007;0.023395;10000;9707835125;S
20240228;100008;0.0234;10000;9707835363;B
20240228;100008;0.0234;50000;9707835364;B
20240228;100008;0.023395;7500000;9707835365;S
20240228;100008;0.023395;5000000;9707835366;S
20240228;100008;0.023395;1000000;9707835367;S
20240228;100008;0.023395;100000;9707835368;S
20240228;100008;0.02339;10000;9707835369;S
20240228;100008;0.023395;1000000;9707835395;B
20240228;100009;0.0234;40000;9707835617;B
20240228;100010;0.023395;130000;9707835894;B
20240228;100010;0.02339;10000;9707835943;S
20240228;100010;0.023395;560000;9707835957;B
20240228;100010;0.02339;980000;9707836287;S
20240228;100010;0.02339;1380000;9707836288;S
20240228;100010;0.02339;1000000;9707836289;S
20240228;100010;0.02339;1640000;9707836290;S
20240228;100010;0.023395;30000;9707836309;B
20240228;100015;0.023405;1000000;9707837770;B
20240228;100015;0.023405;30000;9707837771;B
20240228;100015;0.023405;20000;9707837772;B
20240228;100015;0.023395;450000;9707837918;S
20240228;100018;0.0234;40000;9707838513;S
20240228;100018;0.0234;10000;9707838546;S
20240228;100019;0.023405;50000;9707838822;B
20240228;100021;0.023405;10000;9707839376;B
20240228;100021;0.0234;850000;9707839400;S
20240228;100021;0.0234;20000;9707839401;S
20240228;100021;0.0234;20000;9707839402;S
20240228;100021;0.0234;20000;9707839403;S
20240228;100021;0.023395;550000;9707839404;S
20240228;100021;0.023395;30000;9707839405;S
20240228;100021;0.023395;10000;9707839406;S
20240228;100021;0.023395;190000;9707839420;S
20240228;100021;0.02339;27490000;9707839421;S
20240228;100021;0.02339;1090000;9707839463;S
20240228;100023;0.023395;1000000;9707839906;B
20240228;100023;0.023395;1500000;9707839934;B
20240228;100023;0.023395;120000;9707840066;B
20240228;100027;0.023395;1570000;9707841103;B
20240228;100027;0.023395;1000000;9707841104;B
20240228;100027;0.0234;12830000;9707841105;B
20240228;100027;0.0234;1000000;9707841106;B
20240228;100027;0.0234;4280000;9707841107;B
20240228;100027;0.0234;12820000;9707841108;B
20240228;100027;0.0234;30000;9707841109;B
20240228;100027;0.0234;1200000;9707841110;B
20240228;100027;0.023405;990000;9707841111;B
20240228;100027;0.023405;50000;9707841112;B
20240228;100027;0.023405;14230000;9707841113;B
20240228;100027;0.02339;10000;9707841266;S
20240228;100027;0.02339;30000;9707841368;S
20240228;100028;0.02339;330000;9707841409;S
20240228;100028;0.02339;1300000;9707841620;S
20240228;100030;0.02339;10000;9707841936;S
20240228;100030;0.0234;10000;9707841950;B
20240228;100030;0.0234;5000000;9707841951;B
20240228;100032;0.023405;10000;9707842668;B
20240228;100033;0.023405;450000;9707842968;B
20240228;100034;0.0234;10000;9707843168;S
20240228;100035;0.023405;10000;9707843303;B
20240228;100035;0.023405;160000;9707843396;B
20240228;100036;0.023405;5000000;9707843846;B
20240228;100037;0.0234;10000;9707843989;S
20240228;100037;0.023405;50000;9707844000;B
20240228;100039;0.023405;20000;9707844718;B
20240228;100040;0.023405;10000;9707844937;B
20240228;100041;0.0234;2980000;9707845255;S
20240228;100041;0.0234;320000;9707845256;S
20240228;100041;0.0234;50000;9707845401;S
20240228;100041;0.0234;2140000;9707845432;S
20240228;100041;0.0234;4490000;9707845433;S
20240228;100041;0.0234;6500000;9707845434;S
20240228;100042;0.023395;200000;9707845761;S
20240228;100042;0.023395;30000;9707845762;S
20240228;100043;0.023395;10000;9707845993;S
20240228;100043;0.02339;50000;9707845994;S
20240228;100045;0.0234;80000;9707846385;B
20240228;100047;0.023395;500000;9707846997;S
20240228;100047;0.023395;30000;9707846998;S
20240228;100047;0.02339;1470000;9707846999;S
20240228;100049;0.023395;10000;9707847429;S
20240228;100049;0.023395;60000;9707847446;S
20240228;100050;0.023395;430000;9707847850;S
20240228;100050;0.023395;30000;9707847851;S
20240228;100050;0.023395;590000;9707847852;S
20240228;100050;0.02339;3200000;9707847853;S
20240228;100051;0.0234;10000;9707847956;B
20240228;100051;0.023395;30000;9707847995;S
20240228;100051;0.0234;10000;9707848166;B
20240228;100052;0.023395;10000;9707848317;S
20240228;100054;0.023395;460000;9707848746;S
20240228;100054;0.023395;10000;9707848747;S
20240228;100054;0.02339;530000;9707848748;S
20240228;100054;0.02339;9450000;9707848774;S
20240228;100054;0.02339;20000;9707848775;S
20240228;100054;0.02339;530000;9707848776;S
20240228;100054;0.02339;3650000;9707848989;S
20240228;100055;0.023395;30000;9707849086;B
20240228;100056;0.023395;20000;9707849330;B
20240228;100056;0.023395;10000;9707849449;B
20240228;100058;0.02339;10000;9707850085;S
20240228;100058;0.02339;2810000;9707850125;S
20240228;100058;0.02339;100000;9707850126;S
20240228;100058;0.02339;10000;9707850127;S
20240228;100058;0.02339;10000000;9707850128;S
20240228;100058;0.02339;500000;9707850129;S
20240228;100058;0.023385;10000;9707850130;S
20240228;100058;0.023385;420000;9707850131;S
20240228;100058;0.023385;10000;9707850132;S
20240228;100058;0.023385;50000;9707850133;S
20240228;100058;0.023385;10000;9707850134;S
20240228;100058;0.023385;30000;9707850135;S
20240228;100058;0.023385;210000;9707850136;S
20240228;100058;0.023385;210000;9707850137;S
20240228;100058;0.023385;50000;9707850138;S
20240228;100058;0.023385;50000;9707850139;S
20240228;100058;0.023385;10000;9707850140;S
20240228;100058;0.023385;30000;9707850141;S
20240228;100058;0.023385;50000;9707850142;S
20240228;100058;0.023385;10000;9707850143;S
20240228;100058;0.023385;850000;9707850144;S
20240228;100058;0.023385;20000;9707850145;S
20240228;100058;0.023385;40000;9707850146;S
20240228;100058;0.023385;50000;9707850147;S
20240228;100058;0.023385;10000;9707850148;S
20240228;100058;0.023385;50000;9707850149;S
20240228;100058;0.023385;10000;9707850150;S
20240228;100058;0.023385;30000;9707850151;S
20240228;100058;0.023385;26210000;9707850152;S
20240228;100058;0.02339;130000;9707850179;B
20240228;100058;0.02339;270000;9707850180;B
20240228;100059;0.023385;10000;9707850337;S
20240228;100059;0.023385;80000;9707850351;S
20240228;100059;0.023385;10000;9707850433;S
20240228;100101;0.023385;12120000;9707851368;S
20240228;100101;0.023385;40000;9707851369;S
20240228;100101;0.023385;5000000;9707851370;S
20240228;100101;0.023385;10000;9707851371;S
20240228;100101;0.023385;10000;9707851372;S
20240228;100101;0.023385;10000;9707851373;S
20240228;100101;0.023385;50000;9707851374;S
20240228;100101;0.023385;20000;9707851375;S
20240228;100101;0.023385;10000;9707851376;S
20240228;100101;0.023385;10000;9707851377;S
20240228;100101;0.023385;50000;9707851378;S
20240228;100101;0.023385;50000;9707851379;S
20240228;100101;0.023385;400000;9707851380;S
20240228;100101;0.023385;20000;9707851381;S
20240228;100101;0.023385;2000000;9707851382;S
20240228;100101;0.023385;20000;9707851383;S
20240228;100101;0.023385;10000;9707851384;S
20240228;100101;0.023385;2200000;9707851385;S
20240228;100101;0.023385;2530000;9707851386;S
20240228;100101;0.023385;2000000;9707851387;S
20240228;100101;0.023385;220000;9707851388;S
20240228;100101;0.023385;40000;9707851389;S
20240228;100101;0.023385;120000;9707851390;S
20240228;100101;0.023385;50000;9707851391;S
20240228;100101;0.023385;10000;9707851392;S
20240228;100101;0.023385;100000;9707851393;S
20240228;100101;0.023385;200000;9707851394;S
20240228;100101;0.023385;300000;9707851395;S
20240228;100101;0.023385;80000;9707851396;S
20240228;100101;0.023385;420000;9707851397;S
20240228;100101;0.023385;10000;9707851398;S
20240228;100101;0.023385;7500000;9707851399;S
20240228;100101;0.023385;50000;9707851400;S
20240228;100101;0.023385;10000;9707851401;S
20240228;100101;0.023385;500000;9707851402;S
20240228;100101;0.02338;3830000;9707851403;S
20240228;100102;0.02338;10000;9707851619;S
20240228;100102;0.02338;2500000;9707851682;S
20240228;100102;0.023385;1000000;9707851684;B
20240228;100102;0.02339;4280000;9707851685;B
20240228;100102;0.02339;1000000;9707851686;B
20240228;100102;0.02339;6000000;9707851687;B
20240228;100102;0.023395;10000;9707851701;B
20240228;100102;0.02339;60000;9707851741;S
20240228;100103;0.02339;5320000;9707851903;S
20240228;100104;0.02339;2340000;9707852180;S
20240228;100104;0.02339;5160000;9707852181;S
20240228;100104;0.023395;100000;9707852244;B
20240228;100104;0.02339;30000;9707852350;S
20240228;100105;0.02339;50000;9707852523;S
20240228;100105;0.02339;30000;9707852601;S
20240228;100106;0.023395;830000;9707852769;B
20240228;100106;0.023395;6000000;9707852770;B
20240228;100106;0.023395;110000;9707852771;B
20240228;100106;0.023395;1500000;9707852772;B
20240228;100106;0.023395;70000;9707852773;B
20240228;100106;0.0234;10000;9707852774;B
20240228;100106;0.0234;2000000;9707852775;B
20240228;100106;0.0234;4480000;9707852776;B
20240228;100108;0.02339;4000000;9707853253;S
20240228;100110;0.023395;400000;9707853721;B
20240228;100110;0.02339;730000;9707853771;S
20240228;100110;0.02339;570000;9707853772;S
20240228;100112;0.023395;10000;9707854187;B
20240228;100112;0.02339;1300000;9707854244;S
20240228;100113;0.02339;8130000;9707854396;S
20240228;100113;0.02339;5850000;9707854397;S
20240228;100113;0.02339;4150000;9707854491;S
20240228;100113;0.02339;500000;9707854492;S
20240228;100113;0.023385;1000000;9707854493;S
20240228;100113;0.023385;30000;9707854494;S
20240228;100113;0.02338;4320000;9707854495;S
20240228;100114;0.023395;590000;9707854745;B
20240228;100114;0.023395;1210000;9707854746;B
20240228;100115;0.02339;20000;9707854968;B
20240228;100117;0.02338;30000;9707855197;S
20240228;100117;0.023385;30000;9707855213;B
20240228;100119;0.023385;10000;9707855497;B
20240228;100119;0.02339;690000;9707855498;B
20240228;100119;0.02339;100000;9707855501;B
20240228;100119;0.023385;370000;9707855623;B
20240228;100119;0.02339;210000;9707855624;B
20240228;100119;0.02339;30000;9707855625;B
20240228;100119;0.02339;200000;9707855626;B
20240228;100119;0.02339;30000;9707855627;B
20240228;100120;0.023385;10000;9707855790;B
20240228;100120;0.02339;4990000;9707855791;B
20240228;100120;0.02338;180000;9707855833;S
20240228;100120;0.02338;10000;9707855834;S
20240228;100120;0.02338;10000;9707855835;S
20240228;100120;0.02338;50000;9707855836;S
20240228;100120;0.02338;20000;9707855837;S
20240228;100120;0.02338;40000;9707855838;S
20240228;100120;0.02338;20000;9707855839;S
20240228;100120;0.02338;4670000;9707855840;S
20240228;100121;0.02338;110000;9707855966;S
20240228;100122;0.023385;10000;9707856046;B
20240228;100122;0.023385;20000;9707856182;B
20240228;100123;0.02338;1220000;9707856292;S
20240228;100123;0.02338;10000;9707856293;S
20240228;100123;0.02338;20000;9707856294;S
20240228;100123;0.02338;30000;9707856295;S
20240228;100123;0.02338;10000;9707856296;S
20240228;100123;0.02338;8710000;9707856297;S
20240228;100123;0.02338;100000;9707856364;S
20240228;100125;0.02338;2000000;9707856818;S
20240228;100126;0.023385;60000;9707856932;B
20240228;100127;0.02338;5400000;9707857048;S
20240228;100127;0.02338;10000;9707857049;S
20240228;100127;0.02338;500000;9707857050;S
20240228;100127;0.02338;2090000;9707857051;S
20240228;100127;0.023375;10000;9707857110;S
20240228;100127;0.023375;6250000;9707857111;S
20240228;100127;0.023375;10000;9707857112;S
20240228;100127;0.023375;30000;9707857113;S
20240228;100127;0.023375;7500000;9707857114;S
20240228;100127;0.02337;120000;9707857115;S
20240228;100127;0.02337;2080000;9707857116;S
20240228;100127;0.02338;1000000;9707857150;B
20240228;100127;0.023385;400000;9707857151;B
20240228;100127;0.023375;10000;9707857194;S
20240228;100128;0.023375;7490000;9707857227;S
20240228;100128;0.02337;16420000;9707857228;S
20240228;100128;0.02337;6250000;9707857229;S
20240228;100128;0.02337;1000000;9707857230;S
20240228;100128;0.02337;10000;9707857231;S
20240228;100128;0.02337;6430000;9707857232;S
20240228;100128;0.023375;10000;9707857253;B
20240228;100128;0.02338;800000;9707857255;B
20240228;100128;0.02338;20000;9707857327;B
20240228;100128;0.02338;100000;9707857352;B
20240228;100129;0.02338;40000;9707857575;B
20240228;100131;0.02338;40000;9707857966;B
20240228;100131;0.02338;60000;9707857967;B
20240228;100133;0.02338;10000;9707858470;B
20240228;100134;0.023375;990000;9707858746;S
20240228;100134;0.023375;1000000;9707858747;S
20240228;100134;0.023375;7500000;9707858748;S
20240228;100134;0.023375;500000;9707858749;S
20240228;100134;0.02337;2840000;9707858750;S
20240228;100134;0.023375;1000000;9707858751;B
20240228;100136;0.023375;10000;9707859153;S
20240228;100136;0.023375;4200000;9707859187;S
20240228;100136;0.023375;200000;9707859242;S
20240228;100138;0.02338;1930000;9707859648;B
20240228;100138;0.02338;70000;9707859649;B
20240228;100141;0.023375;2090000;9707860164;S
20240228;100141;0.023375;500000;9707860165;S
20240228;100141;0.02337;7160000;9707860166;S
20240228;100141;0.02337;1000000;9707860167;S
20240228;100141;0.02337;5000000;9707860168;S
20240228;100141;0.023365;20000;9707860169;S
20240228;100141;0.023365;6250000;9707860170;S
20240228;100141;0.023365;1000000;9707860171;S
20240228;100141;0.023365;10000;9707860172;S
20240228;100141;0.023365;10000;9707860173;S
20240228;100141;0.02336;850000;9707860174;S
20240228;100141;0.02336;110000;9707860175;S
20240228;100142;0.023375;4500000;9707860323;S
20240228;100142;0.023375;10000;9707860420;S
20240228;100143;0.023375;1000000;9707860537;S
20240228;100144;0.023375;1000000;9707860700;S
20240228;100144;0.023375;500000;9707860751;S
20240228;100146;0.023375;500000;9707861455;B
20240228;100146;0.023375;200000;9707861456;B
20240228;100147;0.02337;10000;9707861712;S
20240228;100147;0.023375;500000;9707861720;B
20240228;100148;0.02337;8100000;9707861985;S
20240228;100150;0.02337;900000;9707862542;S
20240228;100151;0.023375;10000;9707862812;B
20240228;100152;0.023365;1000000;9707863041;S
20240228;100152;0.023365;4000000;9707863042;S
20240228;100153;0.023365;100000;9707863191;S
20240228;100154;0.02337;10000;9707863247;B
20240228;100154;0.023375;10000;9707863309;B
20240228;100154;0.023375;100000;9707863315;B
20240228;100154;0.02337;520000;9707863372;S
20240228;100155;0.02337;5000000;9707863403;S
20240228;100155;0.023375;10000;9707863554;B
20240228;100156;0.023375;10000;9707863589;B
20240228;100156;0.023375;10000;9707863598;B
20240228;100157;0.02337;2150000;9707863881;S
20240228;100158;0.023375;100000;9707864054;B
20240228;100158;0.023375;100000;9707864085;B
20240228;100158;0.023375;10000;9707864104;B
20240228;100159;0.02337;40000;9707864364;S
20240228;100159;0.02337;5640000;9707864415;S
20240228;100159;0.02337;1000000;9707864416;S
20240228;100159;0.02337;1000000;9707864417;S
20240228;100159;0.023365;12830000;9707864418;S
20240228;100159;0.023365;1000000;9707864419;S
20240228;100159;0.023365;400000;9707864420;S
20240228;100159;0.02336;6140000;9707864421;S
20240228;100159;0.02336;1000000;9707864422;S
20240228;100159;0.02336;10000;9707864423;S
20240228;100159;0.02336;10000000;9707864424;S
20240228;100159;0.02336;3980000;9707864425;S
20240228;100200;0.02337;100000;9707864445;B
20240228;100200;0.02337;30000;9707864499;B
20240228;100201;0.023365;10000;9707864727;S
20240228;100201;0.02337;100000;9707864729;B
20240228;100202;0.023365;40000;9707864927;S
20240228;100203;0.02337;40000;9707865065;B
20240228;100204;0.02337;11980000;9707865268;B
20240228;100206;0.023365;10000;9707866066;S
20240228;100207;0.02337;30000;9707866278;S
20240228;100208;0.023375;500000;9707866484;B
20240228;100208;0.02337;970000;9707866495;S
20240228;100208;0.02337;4000000;9707866496;S
20240228;100208;0.02337;30000;9707866497;S
20240228;100209;0.02337;1990000;9707866640;S
20240228;100209;0.02337;40000;9707866646;S
20240228;100209;0.023375;100000;9707866706;B
20240228;100211;0.023375;170000;9707867023;B
20240228;100211;0.023375;10000;9707867032;B
20240228;100211;0.023375;10000;9707867033;B
20240228;100213;0.023375;20000;9707867246;B
20240228;100213;0.023375;100000;9707867326;B
20240228;100214;0.02337;330000;9707867395;S
20240228;100214;0.02337;9590000;9707867515;S
20240228;100214;0.02337;4000000;9707867516;S
20240228;100214;0.02337;1000000;9707867517;S
20240228;100214;0.02337;390000;9707867518;S
20240228;100215;0.023375;30000;9707867662;B
20240228;100215;0.023375;860000;9707867663;B
20240228;100215;0.023375;10000;9707867696;B
20240228;100217;0.02337;80000;9707867990;S
20240228;100217;0.02337;450000;9707868104;S
20240228;100217;0.023375;100000;9707868109;B
20240228;100218;0.02337;80000;9707868320;S
20240228;100218;0.02337;1920000;9707868321;S
20240228;100219;0.023375;50000;9707868444;B
20240228;100219;0.023375;1400000;9707868469;B
20240228;100220;0.023375;100000;9707868663;B
20240228;100221;0.023375;40000;9707868692;B
20240228;100221;0.02337;60000;9707868706;S
20240228;100221;0.02337;40000;9707868794;S
20240228;100221;0.02337;7620000;9707868795;S
20240228;100221;0.02337;4000000;9707868796;S
20240228;100221;0.023365;440000;9707868797;S
20240228;100221;0.023365;1000000;9707868798;S
20240228;100221;0.023365;100000;9707868799;S
20240228;100221;0.02336;1000000;9707868800;S
20240228;100221;0.02336;30270000;9707868801;S
20240228;100221;0.02336;6000000;9707868802;S
20240228;100221;0.02336;4280000;9707868803;S
20240228;100221;0.023355;20000;9707868804;S
20240228;100221;0.023355;6250000;9707868805;S
20240228;100221;0.023355;680000;9707868806;S
20240228;100222;0.02336;40000;9707868967;S
20240228;100223;0.023365;870000;9707869036;S
20240228;100224;0.023365;560000;9707869143;S
20240228;100224;0.02337;20000;9707869181;B
20240228;100224;0.023365;700000;9707869276;S
20240228;100226;0.023365;1200000;9707869525;S
20240228;100226;0.02337;10000;9707869536;B
20240228;100227;0.023365;190000;9707869708;S
20240228;100228;0.02337;30000;9707869761;B
20240228;100229;0.02337;960000;9707869876;B
20240228;100229;0.02337;110000;9707869877;B
20240228;100229;0.02337;250000;9707869878;B
20240228;100229;0.023375;540000;9707869879;B
20240228;100229;0.023365;290000;9707869919;S
20240228;100229;0.023365;2710000;9707869920;S
20240228;100230;0.023365;200000;9707870112;S
20240228;100231;0.023365;10000;9707870390;S
20240228;100231;0.023365;10000;9707870440;S
20240228;100232;0.023375;3000000;9707870720;B
20240228;100232;0.023375;200000;9707870773;B
20240228;100233;0.023365;120000;9707870787;S
20240228;100234;0.023365;950000;9707870897;S
20240228;100234;0.023365;10000;9707870898;S
20240228;100234;0.023365;1910000;9707870899;S
20240228;100234;0.02336;960000;9707870900;S
20240228;100234;0.02336;1170000;9707870901;S
20240228;100234;0.02337;10000;9707871096;B
20240228;100235;0.02337;990000;9707871185;B
20240228;100235;0.02337;100000;9707871281;S
20240228;100237;0.02337;440000;9707871545;S
20240228;100237;0.02337;4000000;9707871546;S
20240228;100238;0.02337;1000000;9707871718;B
20240228;100239;0.023365;50000;9707872094;S
20240228;100240;0.023365;10000;9707872172;S
20240228;100241;0.023365;40000;9707872271;S
20240228;100241;0.02337;10000;9707872376;B
20240228;100241;0.02337;20000;9707872379;B
20240228;100242;0.02337;240000;9707872474;B
20240228;100244;0.023365;500000;9707872927;S
20240228;100244;0.023365;350000;9707872944;S
20240228;100244;0.023365;4000000;9707872945;S
20240228;100244;0.02336;150000;9707872946;S
20240228;100248;0.023365;30000;9707873446;S
20240228;100253;0.02337;200000;9707874226;B
20240228;100253;0.023365;300000;9707874287;S
20240228;100254;0.023365;150000;9707874330;S
20240228;100254;0.023365;850000;9707874331;S
20240228;100255;0.023365;90000;9707874468;S
20240228;100255;0.02337;4000000;9707874494;B
20240228;100257;0.02337;50000;9707874764;B
20240228;100300;0.023365;1140000;9707875120;S
20240228;100300;0.023365;240000;9707875121;S
20240228;100300;0.023365;10000;9707875122;S
20240228;100300;0.023365;200000;9707875123;S
20240228;100300;0.023365;1550000;9707875124;S
20240228;100301;0.023365;10000;9707875262;B
20240228;100302;0.023365;2000000;9707875542;B
20240228;100303;0.023365;10000;9707875561;B
20240228;100303;0.023365;10000;9707875593;B
20240228;100304;0.023365;80000;9707875751;B
20240228;100304;0.02336;10000;9707875822;S
20240228;100304;0.023365;60000;9707875861;B
20240228;100306;0.023365;3000000;9707876208;B
20240228;100307;0.023365;10000;9707876254;B
20240228;100307;0.023365;10000;9707876265;B
20240228;100307;0.023365;10000;9707876286;B
20240228;100307;0.023365;10000;9707876309;B
20240228;100307;0.023365;10000;9707876346;B
20240228;100307;0.023365;10000;9707876352;B
20240228;100307;0.023365;10000;9707876375;B
20240228;100307;0.023365;10000;9707876400;B
20240228;100308;0.023365;10000;9707876414;B
20240228;100308;0.023365;10000;9707876420;B
20240228;100308;0.023365;10000;9707876470;B
20240228;100308;0.023365;10000;9707876479;B
20240228;100308;0.023365;10000;9707876506;B
20240228;100308;0.023365;10000;9707876527;B
20240228;100308;0.023365;10000;9707876568;B
20240228;100308;0.023365;10000;9707876597;B
20240228;100308;0.023365;10000;9707876604;B
20240228;100308;0.023365;10000;9707876616;B
20240228;100308;0.023365;10000;9707876656;B
20240228;100309;0.023365;10000;9707876676;B
20240228;100309;0.023365;10000;9707876699;B
20240228;100309;0.02336;170000;9707876703;S
20240228;100309;0.023365;10000;9707876705;B
20240228;100309;0.023365;10000;9707876727;B
20240228;100309;0.023365;10000;9707876754;B
20240228;100309;0.023365;10000;9707876761;B
20240228;100309;0.023365;10000;9707876775;B
20240228;100309;0.023365;10000;9707876821;B
20240228;100309;0.023365;10000;9707876838;B
20240228;100310;0.023365;10000;9707876865;B
20240228;100310;0.023365;10000;9707876880;B
20240228;100310;0.023365;10000;9707876898;B
20240228;100310;0.02336;80000;9707876902;S
20240228;100310;0.023365;10000;9707876921;B
20240228;100310;0.023365;10000;9707876986;B
20240228;100311;0.02336;10000;9707877104;S
20240228;100312;0.02336;490000;9707877200;S
20240228;100314;0.023365;20000;9707877398;B
20240228;100316;0.02336;1000000;9707877698;S
20240228;100317;0.023365;10000;9707877875;B
20240228;100317;0.023365;4650000;9707877940;B
20240228;100317;0.02336;10000;9707877945;S
20240228;100319;0.02336;20000;9707878269;S
20240228;100319;0.023365;590000;9707878298;B
20240228;100320;0.023365;10000;9707878440;B
20240228;100321;0.023365;1840000;9707878496;B
20240228;100322;0.023365;200000;9707878668;B
20240228;100322;0.023365;590000;9707878719;B
20240228;100323;0.023365;450000;9707878830;B
20240228;100326;0.02337;10000;9707879407;B
20240228;100328;0.02337;40000;9707879948;B
20240228;100328;0.02337;60000;9707879965;B
20240228;100329;0.023365;120000;9707880133;S
20240228;100329;0.023365;10000;9707880215;S
20240228;100330;0.02337;1190000;9707880258;B
20240228;100330;0.02337;20000;9707880281;B
20240228;100330;0.02337;500000;9707880323;B
20240228;100331;0.02337;20000;9707880459;B
20240228;100331;0.023365;30000;9707880490;S
20240228;100332;0.023365;10000;9707880751;S
20240228;100334;0.02337;3600000;9707881293;B
20240228;100334;0.02337;1000000;9707881294;B
20240228;100334;0.02337;3000000;9707881295;B
20240228;100334;0.02337;600000;9707881296;B
20240228;100334;0.02337;10000;9707881297;B
20240228;100334;0.02337;1030000;9707881298;B
20240228;100336;0.02337;360000;9707881739;S
20240228;100336;0.02337;630000;9707881740;S
20240228;100336;0.02337;500000;9707881800;S
20240228;100336;0.02337;30000;9707881870;S
20240228;100338;0.02337;70000;9707882225;S
20240228;100341;0.023375;10000;9707883034;B
20240228;100343;0.023375;3820000;9707883546;B
20240228;100344;0.02337;160000;9707883661;S
20240228;100345;0.023375;10000;9707883707;B
20240228;100345;0.023375;30000;9707883851;B
20240228;100346;0.02337;540000;9707884047;S
20240228;100347;0.02337;10000;9707884402;S
20240228;100348;0.023375;10000;9707884533;B
20240228;100349;0.02337;20000;9707884611;S
20240228;100350;0.023375;200000;9707884754;B
20240228;100350;0.023375;4000000;9707884762;B
20240228;100352;0.023375;4610000;9707885121;B
20240228;100352;0.023375;10000;9707885122;B
20240228;100352;0.023375;2330000;9707885123;B
20240228;100352;0.023375;20000;9707885287;S
20240228;100354;0.02338;30000;9707885639;B
20240228;100354;0.02338;10000;9707885640;B
20240228;100356;0.02338;10000;9707885910;B
20240228;100356;0.023375;120000;9707885996;S
20240228;100356;0.023375;430000;9707886086;S
20240228;100357;0.023375;40000;9707886146;S
20240228;100358;0.023375;40000;9707886318;S
20240228;100359;0.02338;30000;9707886451;B
20240228;100359;0.02338;10000000;9707886452;B
20240228;100359;0.02338;50000;9707886453;B
20240228;100359;0.02338;10000000;9707886454;B
20240228;100359;0.02338;10000;9707886455;B
20240228;100359;0.023385;1000000;9707886456;B
20240228;100359;0.023385;6000000;9707886457;B
20240228;100359;0.023385;7200000;9707886458;B
20240228;100359;0.023385;30000;9707886459;B
20240228;100359;0.02339;6000000;9707886460;B
20240228;100359;0.02339;1000000;9707886461;B
20240228;100359;0.02339;5000000;9707886462;B
20240228;100359;0.02339;680000;9707886463;B
20240228;100400;0.023385;10000;9707886650;S
20240228;100401;0.02339;30000;9707886773;B
20240228;100401;0.023385;160000;9707886888;S
20240228;100402;0.02339;90000;9707887043;B
20240228;100403;0.023385;160000;9707887087;S
20240228;100403;0.023385;170000;9707887125;S
20240228;100403;0.023385;590000;9707887126;S
20240228;100403;0.023385;10000;9707887181;S
20240228;100403;0.02339;10000;9707887182;B
20240228;100403;0.02339;10000;9707887183;B
20240228;100403;0.02339;1680000;9707887184;B
20240228;100403;0.023395;4790000;9707887185;B
20240228;100403;0.023395;10000;9707887186;B
20240228;100403;0.023395;1000000;9707887187;B
20240228;100403;0.0234;5520000;9707887188;B
20240228;100403;0.0234;10000;9707887189;B
20240228;100403;0.0234;1000000;9707887190;B
20240228;100403;0.0234;6000000;9707887191;B
20240228;100403;0.0234;1000000;9707887192;B
20240228;100403;0.0234;500000;9707887193;B
20240228;100403;0.0234;6250000;9707887194;B
20240228;100403;0.0234;250000;9707887195;B
20240228;100403;0.0234;1000000;9707887196;B
20240228;100403;0.0234;2210000;9707887197;B
20240228;100403;0.0234;10000;9707887198;B
20240228;100403;0.0234;8750000;9707887199;B
20240228;100404;0.02339;1300000;9707887317;B
20240228;100404;0.02339;370000;9707887325;B
20240228;100404;0.0234;630000;9707887326;B
20240228;100405;0.02339;10000;9707887646;B
20240228;100405;0.023385;400000;9707887732;S
20240228;100405;0.023385;1600000;9707887733;S
20240228;100406;0.023385;1360000;9707888019;S
20240228;100409;0.02339;10000;9707888799;B
20240228;100409;0.02339;10000;9707888965;B
20240228;100410;0.02338;140000;9707888985;S
20240228;100412;0.023385;2400000;9707889539;B
20240228;100413;0.023385;150000;9707889655;B
20240228;100414;0.023395;10000;9707889892;B
20240228;100414;0.0234;370000;9707889893;B
20240228;100414;0.0234;620000;9707889894;B
20240228;100414;0.02339;70000;9707889987;S
20240228;100415;0.02339;1000000;9707890161;S
20240228;100417;0.0234;30000;9707890338;B
20240228;100417;0.02339;40000;9707890408;S
20240228;100420;0.023395;1010000;9707890817;S
20240228;100421;0.0234;50000;9707891083;B
20240228;100421;0.02339;120000;9707891121;S
20240228;100422;0.0234;200000;9707891259;B
20240228;100422;0.0234;5000000;9707891295;B
20240228;100423;0.02339;10000;9707891454;S
20240228;100423;0.0234;1400000;9707891528;B
20240228;100425;0.0234;10000;9707891867;B
20240228;100426;0.02339;20000;9707891927;S
20240228;100427;0.023395;40000;9707892079;B
20240228;100427;0.02339;1190000;9707892141;S
20240228;100427;0.02339;3810000;9707892142;S
20240228;100429;0.023395;170000;9707892537;B
20240228;100431;0.023395;830000;9707892959;B
20240228;100431;0.0234;10000;9707892972;B
20240228;100432;0.023395;9170000;9707893063;S
20240228;100432;0.02339;10000;9707893205;S
20240228;100432;0.02339;1440000;9707893206;S
20240228;100432;0.02339;500000;9707893207;S
20240228;100432;0.02339;300000;9707893208;S
20240228;100433;0.023385;40000;9707893334;S
20240228;100433;0.023395;1000000;9707893378;B
20240228;100433;0.023395;500000;9707893379;B
20240228;100433;0.023385;30000;9707893380;S
20240228;100435;0.023385;1000000;9707893690;B
20240228;100435;0.023385;1000000;9707893691;B
20240228;100436;0.023385;590000;9707893974;B
20240228;100436;0.023385;1000000;9707893975;B
20240228;100436;0.02339;1000000;9707893976;B
20240228;100436;0.023395;2410000;9707893977;B
20240228;100436;0.02339;340000;9707894000;B
20240228;100438;0.02339;20000;9707894286;B
20240228;100439;0.02339;10000;9707894499;B
20240228;100441;0.023395;500000;9707894814;B
20240228;100442;0.023385;80000;9707894831;S
20240228;100442;0.023385;2000000;9707894957;S
20240228;100443;0.023395;60000;9707894970;B
20240228;100446;0.02339;2000000;9707895430;B
20240228;100446;0.02339;10000;9707895513;B
20240228;100447;0.02339;1010000;9707895658;B
20240228;100447;0.023385;60000;9707895659;S
20240228;100449;0.02339;200000;9707896012;B
20240228;100450;0.02339;10000;9707896133;B
20240228;100452;0.023385;30000;9707896369;S
20240228;100452;0.02339;200000;9707896474;B
20240228;100455;0.02339;10000;9707897063;B
20240228;100455;0.02339;30000;9707897082;B
20240228;100457;0.02339;6550000;9707897326;B
20240228;100457;0.02339;2000000;9707897327;B
20240228;100457;0.02339;5000000;9707897328;B
20240228;100458;0.02339;270000;9707897527;B
20240228;100458;0.02339;10000;9707897654;B
20240228;100458;0.02339;10000;9707897707;B
20240228;100458;0.02339;400000;9707897708;B
20240228;100500;0.02339;850000;9707898056;B
20240228;100500;0.023385;20000;9707898169;S
20240228;100502;0.02339;30000000;9707898412;B
20240228;100503;0.023385;530000;9707898575;S
20240228;100504;0.02339;20000;9707898804;B
20240228;100505;0.023385;30000;9707898990;S
20240228;100506;0.023385;7250000;9707899207;S
20240228;100506;0.023385;40000;9707899208;S
20240228;100506;0.023385;10000;9707899209;S
20240228;100506;0.023385;2000000;9707899210;S
20240228;100506;0.023385;700000;9707899211;S
20240228;100506;0.02339;6420000;9707899213;B
20240228;100506;0.023395;1000000;9707899214;B
20240228;100506;0.023395;5810000;9707899215;B
20240228;100506;0.0234;13580000;9707899216;B
20240228;100506;0.0234;10000;9707899217;B
20240228;100506;0.0234;8000000;9707899218;B
20240228;100506;0.0234;6000000;9707899219;B
20240228;100506;0.0234;400000;9707899220;B
20240228;100506;0.0234;200000;9707899221;B
20240228;100506;0.0234;1580000;9707899222;B
20240228;100509;0.0234;50000;9707899785;B
20240228;100511;0.0234;10000;9707900067;B
20240228;100512;0.023395;200000;9707900189;S
20240228;100512;0.023395;1030000;9707900190;S
20240228;100513;0.0234;10000;9707900396;B
20240228;100515;0.0234;500000;9707900840;B
20240228;100515;0.0234;1500000;9707900959;B
20240228;100516;0.023395;20000;9707901057;S
20240228;100516;0.0234;300000;9707901134;B
20240228;100520;0.023395;40000;9707901863;S
20240228;100521;0.02339;100000;9707902158;S
20240228;100522;0.0234;200000;9707902284;B
20240228;100524;0.0234;100000;9707902788;B
20240228;100525;0.0234;10000;9707903021;B
20240228;100527;0.02339;250000;9707903549;S
20240228;100529;0.0234;10000;9707904000;B
20240228;100531;0.0234;5000000;9707904318;B
20240228;100534;0.023395;220000;9707904810;S
20240228;100535;0.023395;2780000;9707904989;S
20240228;100535;0.02339;1650000;9707904990;S
20240228;100535;0.02339;570000;9707904991;S
20240228;100536;0.0234;160000;9707905011;B
20240228;100536;0.0234;320000;9707905124;B
20240228;100537;0.0234;320000;9707905393;B
20240228;100538;0.0234;20000;9707905422;B
20240228;100539;0.0234;1010000;9707905771;B
20240228;100540;0.0234;20000;9707905933;B
20240228;100540;0.0234;1000000;9707905957;B
20240228;100540;0.0234;60000;9707905975;B
20240228;100540;0.02339;40000;9707905988;S
20240228;100540;0.02339;100000;9707905989;S
20240228;100540;0.02339;1860000;9707905990;S
20240228;100541;0.0234;10000;9707906039;B
20240228;100541;0.0234;200000;9707906110;B
20240228;100542;0.0234;2250000;9707906348;B
20240228;100543;0.0234;1000000;9707906501;B
20240228;100543;0.0234;50000;9707906598;B
20240228;100545;0.023395;10000;9707907103;S
20240228;100545;0.0234;20000;9707907124;B
20240228;100550;0.0234;930000;9707908379;B
20240228;100550;0.0234;50000;9707908380;B
20240228;100550;0.023395;10000;9707908393;S
20240228;100554;0.023395;200000;9707909214;S
20240228;100554;0.0234;10000;9707909344;B
20240228;100555;0.0234;200000;9707909397;B
20240228;100555;0.0234;10000;9707909454;B
20240228;100555;0.0234;10000;9707909526;B
20240228;100555;0.0234;30000;9707909534;B
20240228;100556;0.023395;2000000;9707909558;B
20240228;100556;0.0234;10000;9707909668;B
20240228;100557;0.0234;10000;9707909734;B
20240228;100558;0.02339;70000;9707909961;S
20240228;100558;0.023395;80000;9707910014;B
20240228;100601;0.023395;100000;9707910512;S
20240228;100601;0.0234;280000;9707910589;B
20240228;100602;0.023395;50000;9707910711;S
20240228;100602;0.0234;150000;9707910751;B
20240228;100604;0.0234;250000;9707911017;B
20240228;100606;0.023395;300000;9707911452;B
20240228;100606;0.0234;3990000;9707911511;B
20240228;100606;0.0234;10710000;9707911512;B
20240228;100606;0.0234;4500000;9707911513;B
20240228;100606;0.0234;10000;9707911514;B
20240228;100606;0.0234;50000;9707911515;B
20240228;100606;0.0234;20000;9707911516;B
20240228;100606;0.0234;29970000;9707911517;B
20240228;100606;0.0234;2000000;9707911518;B
20240228;100606;0.0234;700000;9707911519;B
20240228;100608;0.023405;10000;9707911913;B
20240228;100608;0.0234;6000000;9707911926;S
20240228;100608;0.0234;30000;9707911940;S
20240228;100608;0.023405;40000;9707912092;B
20240228;100608;0.023405;160000;9707912093;B
20240228;100609;0.023405;560000;9707912165;B
20240228;100609;0.023405;100000;9707912166;B
20240228;100613;0.023405;10000;9707913481;B
20240228;100614;0.023405;110000;9707913686;B
20240228;100615;0.023405;2000000;9707913958;B
20240228;100615;0.023405;30000;9707913962;B
20240228;100616;0.023405;120000;9707914032;B
20240228;100618;0.023405;50000;9707914315;B
20240228;100620;0.023405;1860000;9707914807;B
20240228;100620;0.023405;20000;9707914808;B
20240228;100620;0.023405;10000;9707914809;B
20240228;100620;0.023405;20000;9707914810;B
20240228;100620;0.023405;1290000;9707914811;B
20240228;100620;0.023405;6460000;9707914812;B
20240228;100620;0.02341;10000;9707914821;B
20240228;100620;0.02341;20000;9707914822;B
20240228;100621;0.023405;50000;9707914862;S
20240228;100621;0.02341;100000;9707914940;B
20240228;100621;0.02341;180000;9707914949;B
20240228;100621;0.02341;10000;9707914950;B
20240228;100621;0.02341;610000;9707914951;B
20240228;100621;0.023405;20290000;9707914968;S
20240228;100621;0.023405;2000000;9707914969;S
20240228;100621;0.023405;1000000;9707914970;S
20240228;100622;0.023405;200000;9707915093;B
20240228;100622;0.023405;10000;9707915125;B
20240228;100624;0.023405;10000;9707915317;B
20240228;100625;0.0234;40000;9707915545;S
20240228;100625;0.0234;10000;9707915556;S
20240228;100626;0.023405;20000;9707915816;B
20240228;100627;0.0234;6380000;9707915889;S
20240228;100628;0.023405;10000;9707916114;B
20240228;100628;0.0234;3190000;9707916211;S
20240228;100628;0.0234;11400000;9707916212;S
20240228;100628;0.0234;10000;9707916213;S
20240228;100628;0.0234;10000;9707916214;S
20240228;100628;0.0234;50000;9707916215;S
20240228;100628;0.0234;2000000;9707916216;S
20240228;100628;0.0234;150000;9707916217;S
20240228;100629;0.0234;100000;9707916301;B
20240228;100629;0.023395;1700000;9707916345;S
20240228;100629;0.023395;40000;9707916346;S
20240228;100629;0.023395;50000;9707916347;S
20240228;100629;0.02339;70000;9707916484;S
20240228;100629;0.02339;4070000;9707916485;S
20240228;100629;0.02339;2600000;9707916486;S
20240228;100629;0.02339;36000000;9707916487;S
20240228;100629;0.023385;10000;9707916488;S
20240228;100629;0.023385;220000;9707916489;S
20240228;100630;0.023385;50000;9707916591;B
20240228;100630;0.023385;200000;9707916706;B
20240228;100631;0.02338;10000;9707916763;S
20240228;100631;0.02338;2400000;9707916764;S
20240228;100631;0.02338;1000000;9707916765;S
20240228;100631;0.023375;2400000;9707916766;S
20240228;100631;0.023375;4690000;9707916767;S
20240228;100631;0.02338;2000000;9707916768;B
20240228;100631;0.02338;1000000;9707916769;B
20240228;100631;0.02338;2000000;9707916770;B
20240228;100633;0.023375;30000;9707917140;S
20240228;100633;0.023375;300000;9707917141;S
20240228;100633;0.023375;10000;9707917142;S
20240228;100633;0.023375;50000;9707917143;S
20240228;100633;0.023375;3000000;9707917144;S
20240228;100633;0.023375;1000000;9707917145;S
20240228;100633;0.023375;2000000;9707917146;S
20240228;100633;0.023375;500000;9707917147;S
20240228;100633;0.02337;3040000;9707917148;S
20240228;100633;0.02337;1000000;9707917149;S
20240228;100633;0.02337;5000000;9707917150;S
20240228;100633;0.02337;30000;9707917151;S
20240228;100633;0.02337;6000000;9707917152;S
20240228;100633;0.02337;6250000;9707917153;S
20240228;100633;0.02337;650000;9707917154;S
20240228;100633;0.02337;2000000;9707917155;S
20240228;100633;0.02337;100000;9707917156;S
20240228;100633;0.02337;11330000;9707917157;S
20240228;100634;0.02338;30000;9707917177;B
20240228;100635;0.02338;200000;9707917404;B
20240228;100636;0.02338;10000;9707917500;B
20240228;100636;0.023375;500000;9707917748;S
20240228;100639;0.023375;10000;9707918138;B
20240228;100639;0.02337;190000;9707918153;S
20240228;100639;0.023375;190000;9707918158;B
20240228;100639;0.02337;750000;9707918197;S
20240228;100640;0.02337;2060000;9707918385;S
20240228;100640;0.023365;1000000;9707918386;S
20240228;100640;0.023365;6000000;9707918387;S
20240228;100640;0.023365;940000;9707918388;S
20240228;100642;0.023375;40000;9707918599;B
20240228;100642;0.023375;20000;9707918619;B
20240228;100646;0.02337;10000;9707919706;B
20240228;100647;0.02337;10000;9707920020;B
20240228;100649;0.02337;10000;9707920326;B
20240228;100650;0.02337;30000;9707920627;B
20240228;100652;0.02337;10000;9707921006;B
20240228;100653;0.023365;20000;9707921285;S
20240228;100653;0.023365;90000;9707921286;S
20240228;100657;0.02337;50000;9707921837;B
20240228;100657;0.02337;100000;9707921885;B
20240228;100659;0.02337;10000;9707922162;B
20240228;100702;0.02337;40000;9707922729;B
20240228;100704;0.02337;10000;9707923082;B
20240228;100705;0.02337;40000;9707923190;B
20240228;100706;0.023365;30000;9707923274;S
20240228;100707;0.023365;500000;9707923582;S
20240228;100708;0.02337;10000;9707923727;B
20240228;100708;0.023365;10000;9707923806;S
20240228;100709;0.023365;370000;9707923838;S
20240228;100709;0.023365;2000000;9707923839;S
20240228;100709;0.023365;500000;9707923840;S
20240228;100709;0.023365;300000;9707923841;S
20240228;100709;0.023365;16230000;9707923842;S
20240228;100709;0.02337;40000;9707923896;B
20240228;100709;0.023365;10000000;9707923908;S
20240228;100709;0.02337;1000000;9707924027;B
20240228;100712;0.02337;50000;9707924518;B
20240228;100712;0.02337;10000;9707924519;B
20240228;100713;0.023365;2000000;9707924653;S
20240228;100713;0.023365;1770000;9707924658;S
20240228;100713;0.023365;3000000;9707924659;S
20240228;100713;0.023365;50000;9707924660;S
20240228;100713;0.023365;180000;9707924661;S
20240228;100713;0.023365;320000;9707924678;S
20240228;100713;0.023365;100000;9707924679;S
20240228;100713;0.023365;3000000;9707924680;S
20240228;100713;0.02336;1550000;9707924681;S
20240228;100713;0.02336;10000;9707924682;S
20240228;100713;0.02336;9000000;9707924683;S
20240228;100713;0.02336;5410000;9707924684;S
20240228;100713;0.023365;100000;9707924685;B
20240228;100714;0.02336;800000;9707924835;S
20240228;100714;0.023365;100000;9707924946;B
20240228;100715;0.023365;800000;9707924992;B
20240228;100715;0.023365;200000;9707924993;B
20240228;100715;0.02336;30000;9707925149;S
20240228;100716;0.02336;5420000;9707925210;S
20240228;100716;0.02336;10000;9707925211;S
20240228;100716;0.02336;2000000;9707925212;S
20240228;100716;0.02336;10000;9707925213;S
20240228;100716;0.02336;2560000;9707925214;S
20240228;100716;0.02336;440000;9707925215;S
20240228;100716;0.023355;10000;9707925263;S
20240228;100716;0.023355;40000;9707925264;S
20240228;100717;0.02336;30000;9707925315;B
20240228;100717;0.02336;10000;9707925352;B
20240228;100718;0.023355;4000000;9707925391;S
20240228;100719;0.023355;2210000;9707925674;S
20240228;100719;0.023355;40000;9707925675;S
20240228;100719;0.023355;20000;9707925676;S
20240228;100719;0.023355;20000;9707925677;S
20240228;100719;0.023355;10000;9707925678;S
20240228;100719;0.023355;1650000;9707925679;S
20240228;100719;0.023355;100000;9707925680;S
20240228;100719;0.023355;10000;9707925681;S
20240228;100719;0.023355;10000;9707925682;S
20240228;100719;0.023355;10000;9707925683;S
20240228;100719;0.023355;10000;9707925684;S
20240228;100719;0.023355;10000;9707925685;S
20240228;100719;0.023355;10000;9707925686;S
20240228;100719;0.023355;10000;9707925687;S
20240228;100719;0.023355;10000;9707925688;S
20240228;100719;0.023355;10000;9707925689;S
20240228;100719;0.023355;5860000;9707925690;S
20240228;100719;0.023355;1640000;9707925838;S
20240228;100719;0.023355;2360000;9707925839;S
20240228;100720;0.023355;50000;9707925918;S
20240228;100720;0.023355;590000;9707925922;S
20240228;100720;0.023355;1000000;9707925923;S
20240228;100720;0.023355;500000;9707925924;S
20240228;100720;0.023355;6250000;9707925925;S
20240228;100720;0.023355;4510000;9707925926;S
20240228;100720;0.02336;60000;9707926098;B
20240228;100720;0.023365;40000;9707926099;B
20240228;100720;0.023365;100000;9707926100;B
20240228;100721;0.023365;20000;9707926267;B
20240228;100722;0.02336;50000;9707926596;B
20240228;100727;0.023355;2630000;9707927390;S
20240228;100728;0.023355;70000;9707927475;S
20240228;100728;0.02336;1380000;9707927579;B
20240228;100728;0.02336;1330000;9707927580;B
20240228;100728;0.02336;2000000;9707927581;B
20240228;100728;0.02336;10000;9707927582;B
20240228;100728;0.02336;280000;9707927583;B
20240228;100729;0.02336;200000;9707927620;S
20240228;100731;0.02336;800000;9707927865;S
20240228;100731;0.023355;290000;9707927866;S
20240228;100731;0.023355;530000;9707927867;S
20240228;100731;0.023355;140000;9707927868;S
20240228;100733;0.023355;1000000;9707928141;S
20240228;100734;0.023365;10000;9707928327;B
20240228;100735;0.023365;50000;9707928496;B
20240228;100735;0.023365;200000;9707928498;B
20240228;100738;0.02336;10000;9707928903;B
20240228;100741;0.02336;20000;9707929428;B
20240228;100741;0.023355;1330000;9707929493;S
20240228;100741;0.023355;500000;9707929494;S
20240228;100741;0.023355;3170000;9707929495;S
20240228;100741;0.023355;2300000;9707929518;S
20240228;100743;0.02336;40000;9707929768;B
20240228;100743;0.023355;500000;9707929853;S
20240228;100744;0.02336;50000;9707929875;B
20240228;100748;0.023355;1000000;9707930668;S
20240228;100748;0.023355;20000;9707930669;S
20240228;100748;0.023355;1000000;9707930670;S
20240228;100748;0.023355;1330000;9707930671;S
20240228;100748;0.023355;3000000;9707930672;S
20240228;100748;0.023355;500000;9707930673;S
20240228;100748;0.02335;500000;9707930674;S
20240228;100748;0.02335;500000;9707930675;S
20240228;100748;0.02335;500000;9707930676;S
20240228;100748;0.02335;10000000;9707930677;S
20240228;100748;0.02335;500000;9707930678;S
20240228;100748;0.02335;10000;9707930679;S
20240228;100748;0.02335;40000;9707930680;S
20240228;100748;0.02335;200000;9707930681;S
20240228;100748;0.02335;1000000;9707930682;S
20240228;100748;0.02335;30000;9707930683;S
20240228;100748;0.02335;6250000;9707930684;S
20240228;100748;0.02335;10000;9707930685;S
20240228;100748;0.02335;6000000;9707930686;S
20240228;100748;0.02335;310000;9707930687;S
20240228;100748;0.02335;10000;9707930688;S
20240228;100748;0.02335;10000;9707930689;S
20240228;100748;0.02335;20000;9707930690;S
20240228;100748;0.02335;10000;9707930691;S
20240228;100748;0.02335;1550000;9707930692;S
20240228;100748;0.02335;2000000;9707930693;S
20240228;100748;0.02335;20000;9707930694;S
20240228;100748;0.02335;3680000;9707930695;S
20240228;100749;0.023355;10000;9707930824;S
20240228;100752;0.02336;50000;9707931962;B
20240228;100752;0.02336;10000;9707932092;B
20240228;100753;0.02336;190000;9707932338;B
20240228;100754;0.023355;2990000;9707932536;S
20240228;100754;0.023355;1000000;9707932537;S
20240228;100754;0.023355;500000;9707932538;S
20240228;100754;0.023355;510000;9707932539;S
20240228;100755;0.023355;60000;9707932576;S
20240228;100756;0.023355;30000;9707933024;S
20240228;100757;0.02336;300000;9707933052;B
20240228;100757;0.023355;5000000;9707933168;S
20240228;100801;0.02336;10000;9707933946;B
20240228;100805;0.02336;50000;9707934699;B
20240228;100807;0.02336;30000;9707935101;B
20240228;100809;0.023355;2710000;9707935255;S
20240228;100809;0.02336;20000;9707935259;B
20240228;100811;0.023355;10000;9707935736;S
20240228;100811;0.023355;1800000;9707935759;S
20240228;100811;0.02336;20000;9707935777;B
20240228;100812;0.023355;40000;9707935857;S
20240228;100814;0.02336;10000;9707936277;B
20240228;100814;0.02336;100000;9707936284;B
20240228;100814;0.02336;1200000;9707936286;B
20240228;100814;0.02336;700000;9707936288;B
20240228;100814;0.02336;2000000;9707936289;B
20240228;100814;0.02336;100000;9707936290;B
20240228;100814;0.02336;500000;9707936291;B
20240228;100814;0.02336;100000;9707936292;B
20240228;100814;0.02336;100000;9707936293;B
20240228;100814;0.02336;100000;9707936414;B
20240228;100814;0.02336;1000000;9707936415;B
20240228;100814;0.02336;2000000;9707936416;B
20240228;100814;0.02336;3600000;9707936417;B
20240228;100814;0.02336;400000;9707936418;B
20240228;100814;0.02336;100000;9707936419;B
20240228;100814;0.02336;100000;9707936420;B
20240228;100814;0.02336;1800000;9707936421;B
20240228;100814;0.02336;1000000;9707936422;B
20240228;100814;0.02336;1700000;9707936423;B
20240228;100814;0.02336;1000000;9707936424;B
20240228;100814;0.02336;100000;9707936425;B
20240228;100814;0.02336;600000;9707936426;B
20240228;100814;0.02336;100000;9707936427;B
20240228;100814;0.02336;790000;9707936428;B
20240228;100814;0.02336;410000;9707936429;B
20240228;100814;0.02336;200000;9707936430;B
20240228;100814;0.02336;1390000;9707936431;B
20240228;100814;0.02336;2010000;9707936432;B
20240228;100814;0.02336;1000000;9707936433;B
20240228;100815;0.02336;1570000;9707936471;B
20240228;100815;0.02336;1840000;9707936472;B
20240228;100815;0.02336;2300000;9707936620;B
20240228;100816;0.023355;9840000;9707936740;S
20240228;100816;0.023355;160000;9707936741;S
20240228;100816;0.023355;40000;9707936742;S
20240228;100816;0.023355;2960000;9707936743;S
20240228;100817;0.023355;10000;9707936854;S
20240228;100817;0.02336;130000;9707936923;B
20240228;100818;0.02336;20000;9707936998;B
20240228;100819;0.023355;30000;9707937238;S
20240228;100819;0.02336;10000;9707937249;B
20240228;100819;0.02336;200000;9707937370;B
20240228;100819;0.02336;400000;9707937371;B
20240228;100819;0.02336;20000;9707937372;B
20240228;100820;0.02336;900000;9707937521;S
20240228;100821;0.023365;10000;9707937661;B
20240228;100823;0.02337;20000;9707938056;B
20240228;100823;0.02337;10000;9707938097;B
20240228;100823;0.023375;230000;9707938098;B
20240228;100823;0.02337;10000;9707938160;S
20240228;100825;0.023375;10000;9707938408;B
20240228;100825;0.023375;2590000;9707938430;B
20240228;100825;0.023375;1410000;9707938431;B
20240228;100828;0.023375;2000000;9707938962;B
20240228;100830;0.02337;10000;9707939278;S
20240228;100831;0.02337;490000;9707939401;S
20240228;100831;0.02337;920000;9707939402;S
20240228;100832;0.023375;200000;9707939694;B
20240228;100833;0.023375;270000;9707939883;B
20240228;100840;0.023365;20000;9707940838;S
20240228;100841;0.023375;90000;9707941194;B
20240228;100842;0.023375;150000;9707941369;B
20240228;100842;0.023375;10000;9707941526;B
20240228;100845;0.023365;980000;9707941854;S
20240228;100845;0.023365;2000000;9707941855;S
20240228;100845;0.023365;3000000;9707941856;S
20240228;100845;0.023365;70000;9707941857;S
20240228;100845;0.02336;100000;9707941858;S
20240228;100845;0.02336;3000000;9707941859;S
20240228;100845;0.02336;100000;9707941860;S
20240228;100845;0.02336;500000;9707941861;S
20240228;100845;0.02336;30000;9707941862;S
20240228;100845;0.02336;1000000;9707941863;S
20240228;100845;0.023355;1000000;9707941864;S
20240228;100845;0.023355;300000;9707941865;S
20240228;100845;0.023355;220000;9707941866;S
20240228;100845;0.023355;50000;9707941867;S
20240228;100845;0.023355;7810000;9707941868;S
20240228;100847;0.02336;600000;9707942187;S
20240228;100849;0.02337;10000;9707942457;B
20240228;100849;0.023375;190000;9707942458;B
20240228;100854;0.02337;30000;9707943271;B
20240228;100854;0.02336;100000;9707943380;S
20240228;100854;0.02337;500000;9707943427;B
20240228;100856;0.02336;100000;9707943536;S
20240228;100856;0.023365;30000;9707943637;S
20240228;100857;0.023365;10000;9707943727;S
20240228;100858;0.023365;60000;9707943814;S
20240228;100858;0.023365;30000;9707943815;S
20240228;100859;0.023365;10000;9707944092;S
20240228;100859;0.023375;70000;9707944101;B
20240228;100902;0.02337;3000000;9707944562;S
20240228;100902;0.02337;1000000;9707944563;S
20240228;100902;0.02337;50000;9707944564;S
20240228;100902;0.023365;960000;9707944565;S
20240228;100902;0.02336;200000;9707944566;S
20240228;100902;0.02336;3000000;9707944567;S
20240228;100902;0.02336;12830000;9707944568;S
20240228;100902;0.02336;12830000;9707944569;S
20240228;100902;0.02336;2000000;9707944570;S
20240228;100902;0.02336;6000000;9707944571;S
20240228;100902;0.023355;2910000;9707944572;S
20240228;100902;0.023355;220000;9707944573;S
20240228;100906;0.023375;50000;9707945221;B
20240228;100906;0.023365;100000;9707945328;S
20240228;100906;0.023365;400000;9707945483;S
20240228;100909;0.023365;500000;9707945842;S
20240228;100909;0.023365;70000;9707945843;S
20240228;100909;0.02336;130000;9707945844;S
20240228;100911;0.02337;10000;9707946095;B
20240228;100912;0.023365;60000;9707946382;S
20240228;100915;0.023365;940000;9707946786;S
20240228;100915;0.023365;480000;9707946787;S
20240228;100915;0.023365;10000;9707946831;B
20240228;100917;0.023365;10000;9707947157;B
20240228;100917;0.023365;60000;9707947174;B
20240228;100918;0.02336;870000;9707947229;S
20240228;100918;0.02336;200000;9707947230;S
20240228;100920;0.023365;110000;9707947605;B
20240228;100921;0.02336;330000;9707947676;S
20240228;100923;0.02336;4870000;9707948004;S
20240228;100923;0.02336;4280000;9707948005;S
20240228;100923;0.02336;10850000;9707948006;S
20240228;100926;0.023365;70000;9707948373;B
20240228;100926;0.023365;450000;9707948449;B
20240228;100926;0.02337;1550000;9707948450;B
20240228;100926;0.02337;10000;9707948457;B
20240228;100926;0.023365;980000;9707948467;S
20240228;100926;0.023365;1000000;9707948468;S
20240228;100926;0.02336;1990000;9707948469;S
20240228;100926;0.02336;1000000;9707948470;S
20240228;100926;0.02336;30000;9707948471;S
20240228;100928;0.023375;50000;9707948720;B
20240228;100930;0.023375;100000;9707948908;B
20240228;100932;0.023375;20000;9707949200;B
20240228;100933;0.023365;130000;9707949283;S
20240228;100933;0.023375;60000;9707949290;B
20240228;100939;0.023375;50000;9707950090;B
20240228;100939;0.023365;30000;9707950166;S
20240228;100939;0.023375;1630000;9707950211;B
20240228;100939;0.023375;10000;9707950212;B
20240228;100939;0.023375;3000000;9707950213;B
20240228;100939;0.023375;4360000;9707950214;B
20240228;100939;0.02338;10000;9707950226;B
20240228;100943;0.023365;50000;9707950687;S
20240228;100944;0.02337;2700000;9707950909;B
20240228;100944;0.023375;1330000;9707950910;B
20240228;100944;0.023375;970000;9707950911;B
20240228;100950;0.02338;1000000;9707951716;B
20240228;100955;0.02338;10000;9707952702;B
20240228;100957;0.02338;510000;9707953051;B
20240228;100958;0.023375;10000;9707953144;S
20240228;100958;0.02338;20000;9707953196;B
20240228;101001;0.02338;10000;9707953646;B
20240228;101001;0.02338;90000;9707953693;B
20240228;101005;0.023375;200000;9707954336;S
20240228;101005;0.02338;10000;9707954487;B
20240228;101010;0.023375;40000;9707954985;S
20240228;101010;0.02338;100000;9707954992;B
20240228;101010;0.02338;2130000;9707955097;B
20240228;101013;0.02338;10000;9707955433;B
20240228;101013;0.023375;50000;9707955520;S
20240228;101014;0.02338;20000;9707955663;B
20240228;101017;0.023375;710000;9707956145;S
20240228;101017;0.023375;290000;9707956146;S
20240228;101020;0.02338;100000;9707956450;B
20240228;101020;0.02338;10000;9707956530;B
20240228;101020;0.02338;10000;9707956558;B
20240228;101021;0.02338;1000000;9707956746;B
20240228;101022;0.02338;10000;9707956878;B
20240228;101023;0.02338;20000;9707957037;B
20240228;101023;0.023375;3990000;9707957107;S
20240228;101023;0.023375;1360000;9707957108;S
20240228;101023;0.023375;10000;9707957109;S
20240228;101023;0.023375;10000;9707957110;S
20240228;101023;0.023375;10000;9707957111;S
20240228;101023;0.023375;10000;9707957112;S
20240228;101023;0.023375;10000;9707957113;S
20240228;101023;0.023375;10000;9707957114;S
20240228;101023;0.023375;20000;9707957115;S
20240228;101023;0.023375;10000;9707957116;S
20240228;101023;0.023375;3000000;9707957117;S
20240228;101023;0.023375;360000;9707957118;S
20240228;101023;0.023375;10000;9707957119;S
20240228;101023;0.023375;10000;9707957120;S
20240228;101023;0.023375;2000000;9707957121;S
20240228;101023;0.023375;2000000;9707957122;S
20240228;101023;0.023375;1000000;9707957123;S
20240228;101023;0.02337;100000000;9707957124;S
20240228;101023;0.02337;1000000;9707957125;S
20240228;101023;0.02337;10000;9707957126;S
20240228;101023;0.023365;790000;9707957127;S
20240228;101023;0.023365;3000000;9707957128;S
20240228;101023;0.023365;16850000;9707957129;S
20240228;101023;0.023365;6000000;9707957130;S
20240228;101023;0.023365;100000;9707957131;S
20240228;101023;0.023365;50000;9707957132;S
20240228;101023;0.023365;7500000;9707957133;S
20240228;101023;0.02336;1000000;9707957134;S
20240228;101023;0.02336;1000000;9707957135;S
20240228;101023;0.02336;200000;9707957136;S
20240228;101023;0.02336;4470000;9707957137;S
20240228;101023;0.02336;6000000;9707957138;S
20240228;101023;0.02336;1550000;9707957139;S
20240228;101023;0.02336;6250000;9707957140;S
20240228;101023;0.02336;1000000;9707957141;S
20240228;101023;0.023355;100000;9707957142;S
20240228;101023;0.023355;14000000;9707957143;S
20240228;101023;0.023355;1000000;9707957144;S
20240228;101023;0.023355;6250000;9707957145;S
20240228;101023;0.023355;1550000;9707957146;S
20240228;101023;0.023355;10000;9707957147;S
20240228;101023;0.023355;50000;9707957148;S
20240228;101023;0.023355;6000000;9707957149;S
20240228;101023;0.023355;12830000;9707957150;S
20240228;101023;0.023355;12830000;9707957151;S
20240228;101023;0.023355;50000;9707957152;S
20240228;101023;0.02335;16320000;9707957153;S
20240228;101023;0.02335;30000;9707957154;S
20240228;101023;0.02335;40000;9707957155;S
20240228;101023;0.02335;1000000;9707957156;S
20240228;101023;0.02335;5000000;9707957157;S
20240228;101023;0.02335;15000000;9707957158;S
20240228;101023;0.02335;6250000;9707957159;S
20240228;101023;0.02335;100000;9707957160;S
20240228;101023;0.02335;6000000;9707957161;S
20240228;101023;0.02335;10000;9707957162;S
20240228;101023;0.02335;1550000;9707957163;S
20240228;101023;0.02335;2000000;9707957164;S
20240228;101023;0.02335;10000;9707957165;S
20240228;101023;0.02335;10000;9707957166;S
20240228;101023;0.02335;1000000;9707957167;S
20240228;101023;0.02335;1000000;9707957168;S
20240228;101023;0.02335;1000000;9707957169;S
20240228;101023;0.02335;1000000;9707957170;S
20240228;101023;0.02335;40000;9707957171;S
20240228;101023;0.02335;7380000;9707957172;S
20240228;101023;0.023365;100000;9707957215;B
20240228;101028;0.023365;200000;9707957726;B
20240228;101029;0.023365;100000;9707957947;B
20240228;101030;0.023365;50000;9707957985;B
20240228;101030;0.023365;3280000;9707958093;B
20240228;101039;0.023355;660000;9707959608;S
20240228;101039;0.023365;30000;9707959638;B
20240228;101040;0.023365;2240000;9707959825;B
20240228;101040;0.023365;1000000;9707959826;B
20240228;101040;0.023365;2000000;9707959827;B
20240228;101040;0.023365;740000;9707959828;B
20240228;101040;0.023365;4020000;9707959829;S
20240228;101041;0.023365;160000;9707960044;B
20240228;101042;0.023355;10000;9707960131;S
20240228;101043;0.023355;10000;9707960313;S
20240228;101044;0.023365;10000;9707960365;B
20240228;101051;0.023365;1810000;9707961479;B
20240228;101051;0.02337;190000;9707961480;B
20240228;101052;0.023365;30000;9707961743;B
20240228;101052;0.023365;10000;9707961836;B
20240228;101053;0.023365;5960000;9707962124;B
20240228;101053;0.02337;810000;9707962125;B
20240228;101053;0.02337;6000000;9707962126;B
20240228;101053;0.02337;30000;9707962127;B
20240228;101053;0.02337;2000000;9707962128;B
20240228;101053;0.02337;1310000;9707962129;B
20240228;101053;0.023375;6000000;9707962130;B
20240228;101053;0.023375;1000000;9707962131;B
20240228;101053;0.023375;20000;9707962132;B
20240228;101053;0.023375;6310000;9707962133;B
20240228;101053;0.02338;2930000;9707962134;B
20240228;101053;0.02338;200000;9707962135;B
20240228;101053;0.02338;1000000;9707962136;B
20240228;101053;0.02338;10000;9707962137;B
20240228;101053;0.02338;10000000;9707962138;B
20240228;101053;0.02338;6000000;9707962139;B
20240228;101053;0.02338;420000;9707962140;B
20240228;101053;0.02337;10000;9707962141;S
20240228;101055;0.023365;1000000;9707962549;S
20240228;101055;0.023365;420000;9707962550;S
20240228;101055;0.02336;830000;9707962551;S
20240228;101101;0.023375;2000000;9707963474;B
20240228;101103;0.02336;760000;9707963731;S
20240228;101104;0.02337;10000;9707964397;B
20240228;101104;0.02337;690000;9707964404;B
20240228;101105;0.02338;30000;9707964822;B
20240228;101105;0.02338;40000;9707964823;B
20240228;101105;0.02338;6000000;9707964824;B
20240228;101105;0.02338;900000;9707964825;B
20240228;101105;0.02338;510000;9707964826;S
20240228;101106;0.023375;5550000;9707964999;S
20240228;101106;0.023375;1000000;9707965000;S
20240228;101106;0.023375;3450000;9707965001;S
20240228;101106;0.023385;6000000;9707965108;B
20240228;101106;0.023385;1000000;9707965109;B
20240228;101106;0.023385;10000;9707965110;B
20240228;101106;0.023385;10000;9707965111;B
20240228;101106;0.023385;2000000;9707965112;B
20240228;101106;0.023385;6250000;9707965113;B
20240228;101106;0.023385;20000;9707965114;B
20240228;101106;0.023385;4710000;9707965115;B
20240228;101107;0.023375;1230000;9707965151;S
20240228;101108;0.023385;10000;9707965424;B
20240228;101110;0.023385;200000;9707965938;B
20240228;101110;0.023375;3000000;9707966046;S
20240228;101111;0.023385;7920000;9707966110;B
20240228;101111;0.023385;10000;9707966111;B
20240228;101111;0.023385;4870000;9707966112;B
20240228;101111;0.023385;1130000;9707966213;B
20240228;101111;0.023385;6250000;9707966214;B
20240228;101111;0.023385;2300000;9707966215;B
20240228;101111;0.02339;1000000;9707966216;B
20240228;101111;0.02339;2120000;9707966217;B
20240228;101112;0.02339;3880000;9707966252;B
20240228;101112;0.02339;6250000;9707966253;B
20240228;101112;0.02339;1000000;9707966254;B
20240228;101112;0.02339;20000;9707966255;B
20240228;101112;0.02339;2000000;9707966256;B
20240228;101112;0.02339;7620000;9707966257;B
20240228;101112;0.02339;1000000;9707966258;B
20240228;101112;0.023395;1000000;9707966259;B
20240228;101112;0.023395;6000000;9707966260;B
20240228;101112;0.023395;6250000;9707966261;B
20240228;101112;0.023395;20000;9707966262;B
20240228;101112;0.023395;10000;9707966263;B
20240228;101112;0.023395;1320000;9707966264;B
20240228;101112;0.023395;2000000;9707966265;B
20240228;101112;0.023395;4430000;9707966266;B
20240228;101112;0.02339;200000;9707966322;B
20240228;101113;0.02339;10000;9707966424;B
20240228;101113;0.023395;12830000;9707966425;B
20240228;101113;0.023395;6000000;9707966426;B
20240228;101113;0.023395;6250000;9707966427;B
20240228;101113;0.023395;1270000;9707966428;B
20240228;101113;0.023395;3640000;9707966429;B
20240228;101114;0.023395;5000000;9707966627;B
20240228;101115;0.023395;10000;9707966765;B
20240228;101115;0.0234;4990000;9707966766;B
20240228;101117;0.0234;200000;9707967216;B
20240228;101121;0.0234;10000;9707968376;B
20240228;101121;0.0234;30000;9707968402;B
20240228;101122;0.0234;6010000;9707968469;B
20240228;101122;0.0234;5000000;9707968470;B
20240228;101122;0.0234;5220000;9707968471;B
20240228;101123;0.02339;50000;9707968665;S
20240228;101123;0.02339;20000;9707968680;S
20240228;101123;0.02339;10000;9707968901;S
20240228;101124;0.02339;920000;9707968961;S
20240228;101124;0.02339;1000000;9707968962;S
20240228;101124;0.02339;1000000;9707968963;S
20240228;101124;0.02339;1000000;9707968964;S
20240228;101124;0.02339;2430000;9707968965;S
20240228;101124;0.0234;780000;9707968994;B
20240228;101124;0.0234;14220000;9707968995;B
20240228;101125;0.0234;5000000;9707969125;B
20240228;101126;0.0234;15000000;9707969565;B
20240228;101126;0.023395;200000;9707969683;S
20240228;101127;0.0234;200000;9707969802;B
20240228;101127;0.023395;10000;9707969807;S
20240228;101127;0.0234;15580000;9707969811;B
20240228;101127;0.0234;10000;9707969812;B
20240228;101127;0.0234;1000000;9707969813;B
20240228;101127;0.0234;410000;9707969814;B
20240228;101127;0.0234;590000;9707969843;B
20240228;101127;0.0234;20000;9707969844;B
20240228;101127;0.0234;50000;9707969845;B
20240228;101127;0.0234;50000;9707969846;B
20240228;101127;0.0234;4290000;9707969847;B
20240228;101127;0.0234;1960000;9707969875;B
20240228;101127;0.0234;10000;9707969876;B
20240228;101127;0.0234;6000000;9707969877;B
20240228;101127;0.023405;9030000;9707969878;B
20240228;101127;0.0234;6000000;9707969909;B
20240228;101127;0.0234;3600000;9707969910;B
20240228;101128;0.0234;100000;9707970080;B
20240228;101128;0.0234;2550000;9707970098;B
20240228;101128;0.0234;6000000;9707970099;B
20240228;101128;0.023405;1050000;9707970100;B
20240228;101128;0.0234;6250000;9707970134;B
20240228;101129;0.0234;10000;9707970315;S
20240228;101129;0.0234;80000;9707970353;S
20240228;101130;0.023405;320000;9707970555;B
20240228;101130;0.023405;10000;9707970643;B
20240228;101130;0.023405;30000;9707970670;B
20240228;101130;0.023405;20000;9707970680;B
20240228;101130;0.0234;10000;9707970778;S
20240228;101131;0.0234;30000;9707970819;S
20240228;101131;0.023405;5000000;9707970849;B
20240228;101133;0.023405;200000;9707971358;B
20240228;101134;0.023405;100000;9707971492;B
20240228;101136;0.023405;10700000;9707971896;B
20240228;101136;0.023405;6250000;9707971897;B
20240228;101136;0.023405;6000000;9707971898;B
20240228;101136;0.023405;50000;9707971899;B
20240228;101136;0.023405;5000000;9707971900;B
20240228;101136;0.023405;10000;9707971901;B
20240228;101136;0.023405;20000;9707971902;B
20240228;101136;0.023405;12820000;9707971903;B
20240228;101136;0.023405;5000000;9707971904;B
20240228;101136;0.023405;1000000;9707971905;B
20240228;101136;0.023405;200000;9707971906;B
20240228;101136;0.023405;4100000;9707971907;B
20240228;101136;0.023405;5000000;9707971922;B
20240228;101137;0.023405;12810000;9707972084;B
20240228;101137;0.023405;2190000;9707972085;B
20240228;101137;0.023405;50000;9707972100;B
20240228;101137;0.023405;20000;9707972146;B
20240228;101138;0.0234;320000;9707972399;S
20240228;101139;0.02341;1500000;9707972460;B
20240228;101139;0.023405;1070000;9707972482;B
20240228;101139;0.023405;2660000;9707972487;B
20240228;101139;0.02341;10000;9707972508;B
20240228;101139;0.023405;3000000;9707972514;S
20240228;101140;0.02341;12880000;9707972586;B
20240228;101140;0.02341;10000;9707972587;B
20240228;101140;0.02341;10000;9707972588;B
20240228;101140;0.02341;50000;9707972589;B
20240228;101140;0.02341;10000;9707972590;B
20240228;101140;0.02341;100000;9707972591;B
20240228;101140;0.02341;3000000;9707972592;B
20240228;101140;0.02341;10000;9707972593;B
20240228;101140;0.02341;930000;9707972594;B
20240228;101140;0.02341;5320000;9707972669;B
20240228;101140;0.02341;6000000;9707972670;B
20240228;101140;0.02341;40000;9707972671;B
20240228;101140;0.02341;20000;9707972672;B
20240228;101140;0.02341;1000000;9707972673;B
20240228;101140;0.02341;1000000;9707972674;B
20240228;101140;0.023415;300000;9707972675;B
20240228;101140;0.023415;100000;9707972676;B
20240228;101140;0.023415;50000;9707972677;B
20240228;101140;0.023415;10000;9707972678;B
20240228;101140;0.023415;10000;9707972679;B
20240228;101140;0.023415;10000;9707972680;B
20240228;101140;0.023415;3140000;9707972681;B
20240228;101140;0.02341;4000000;9707972697;B
20240228;101140;0.023415;3110000;9707972777;B
20240228;101140;0.023415;250000;9707972778;B
20240228;101140;0.023415;150000;9707972779;B
20240228;101140;0.023415;6000000;9707972780;B
20240228;101140;0.023415;10000;9707972781;B
20240228;101140;0.023415;20000;9707972782;B
20240228;101140;0.023415;6560000;9707972783;B
20240228;101141;0.02341;40000;9707972879;B
20240228;101141;0.02341;10000;9707972880;B
20240228;101141;0.023415;3050000;9707972881;B
20240228;101141;0.023415;1000000;9707972899;B
20240228;101141;0.023415;12850000;9707972902;B
20240228;101141;0.023415;1000000;9707972914;B
20240228;101142;0.02341;10000;9707973032;S
20240228;101142;0.023415;10000;9707973033;B
20240228;101142;0.023415;540000;9707973045;B
20240228;101142;0.023415;100000;9707973072;B
20240228;101142;0.023415;24890000;9707973144;B
20240228;101142;0.023415;6420000;9707973145;B
20240228;101143;0.023415;4000000;9707973273;B
20240228;101144;0.02342;50000;9707973375;B
20240228;101144;0.02342;250000;9707973448;B
20240228;101144;0.02342;300000;9707973449;B
20240228;101144;0.02342;50000;9707973450;B
20240228;101144;0.02342;10000;9707973451;B
20240228;101144;0.02342;10000;9707973452;B
20240228;101144;0.02342;10000;9707973453;B
20240228;101144;0.02342;3870000;9707973454;B
20240228;101144;0.02342;1000000;9707973552;B
20240228;101144;0.02342;1380000;9707973555;B
20240228;101144;0.02342;620000;9707973556;B
20240228;101144;0.023415;10000;9707973563;S
20240228;101145;0.02342;5380000;9707973698;B
20240228;101145;0.02342;2120000;9707973699;B
20240228;101146;0.023415;20000;9707973861;S
20240228;101146;0.02342;10000;9707973942;B
20240228;101147;0.02341;10000;9707974185;S
20240228;101149;0.023415;10000;9707974519;B
20240228;101150;0.023415;1900000;9707974634;B
20240228;101152;0.02341;20000;9707974982;S
20240228;101153;0.02341;200000;9707975154;S
20240228;101153;0.023415;370000;9707975178;B
20240228;101153;0.02341;10000;9707975193;S
20240228;101155;0.023415;10000;9707975449;B
20240228;101155;0.023415;620000;9707975488;B
20240228;101155;0.023415;190000;9707975489;B
20240228;101156;0.023415;120000;9707975730;B
20240228;101156;0.023415;690000;9707975745;B
20240228;101156;0.023415;310000;9707975746;B
20240228;101157;0.023415;200000;9707975849;B
20240228;101157;0.023415;490000;9707975873;B
20240228;101157;0.02342;510000;9707975874;B
20240228;101157;0.02342;490000;9707975949;B
20240228;101157;0.02342;510000;9707975950;B
20240228;101158;0.02342;1000000;9707976063;B
20240228;101158;0.02342;160000;9707976082;B
20240228;101158;0.02342;1000000;9707976115;B
20240228;101158;0.02342;450000;9707976145;B
20240228;101159;0.02342;1000000;9707976184;B
20240228;101159;0.02342;1000000;9707976287;B
20240228;101200;0.02342;5880000;9707976325;B
20240228;101200;0.02342;20000;9707976326;B
20240228;101200;0.02342;10000;9707976327;B
20240228;101200;0.02342;1000000;9707976328;B
20240228;101200;0.02342;2890000;9707976329;B
20240228;101200;0.02342;10000;9707976377;B
20240228;101200;0.02342;1000000;9707976382;B
20240228;101201;0.02342;1000000;9707976514;B
20240228;101201;0.02342;40000;9707976577;B
20240228;101201;0.02342;10000;9707976600;B
20240228;101201;0.02342;10000;9707976601;B
20240228;101201;0.023425;80000;9707976602;B
20240228;101201;0.023425;20000;9707976605;B
20240228;101201;0.023425;80000;9707976606;B
20240228;101201;0.023425;100000;9707976608;B
20240228;101202;0.023425;10000;9707976685;B
20240228;101202;0.023425;80000;9707976755;B
20240228;101202;0.023415;70000;9707976824;S
20240228;101203;0.02342;40000;9707976988;S
20240228;101203;0.02342;60000;9707977056;S
20240228;101203;0.02342;140000;9707977057;S
20240228;101203;0.023425;1000000;9707977064;B
20240228;101204;0.023425;20000;9707977162;B
20240228;101205;0.023425;210000;9707977507;B
20240228;101205;0.023425;50000;9707977508;B
20240228;101205;0.023425;10000;9707977509;B
20240228;101205;0.023425;10000;9707977510;B
20240228;101205;0.023425;10000;9707977511;B
20240228;101205;0.023425;1710000;9707977512;B
20240228;101206;0.023425;100000;9707977775;B
20240228;101207;0.023425;60000;9707977823;B
20240228;101207;0.023425;110000;9707977885;B
20240228;101207;0.023425;10000;9707977898;B
20240228;101207;0.023425;10000;9707977899;B
20240228;101207;0.023425;150000;9707977900;B
20240228;101207;0.023425;30000;9707977901;B
20240228;101207;0.023425;12810000;9707977902;B
20240228;101207;0.023425;10000;9707977903;B
20240228;101207;0.023425;1000000;9707977904;B
20240228;101207;0.02343;100000;9707977974;B
20240228;101207;0.02343;50000;9707977975;B
20240228;101207;0.02343;10000;9707977976;B
20240228;101207;0.02343;10000;9707977977;B
20240228;101207;0.02343;2030000;9707977978;B
20240228;101207;0.02343;900000;9707977992;B
20240228;101208;0.023425;10000;9707978035;S
20240228;101208;0.02343;3000000;9707978055;B
20240228;101208;0.02343;10000;9707978115;B
20240228;101209;0.02343;10000;9707978176;B
20240228;101209;0.02343;4050000;9707978205;B
20240228;101209;0.02343;50000;9707978206;B
20240228;101209;0.02343;10000;9707978207;B
20240228;101209;0.02343;6250000;9707978208;B
20240228;101209;0.02343;800000;9707978209;B
20240228;101209;0.02343;1500000;9707978210;B
20240228;101209;0.02343;10000;9707978211;B
20240228;101209;0.02343;100000;9707978212;B
20240228;101209;0.02343;30000;9707978213;B
20240228;101209;0.02343;1000000;9707978214;B
20240228;101209;0.02343;500000;9707978215;B
20240228;101209;0.02343;10000;9707978216;B
20240228;101209;0.023435;100000;9707978236;B
20240228;101209;0.023435;50000;9707978237;B
20240228;101209;0.023435;10000;9707978238;B
20240228;101209;0.023435;10000;9707978239;B
20240228;101209;0.023435;10000;9707978240;B
20240228;101209;0.023435;120000;9707978241;B
20240228;101209;0.02343;10000;9707978253;S
20240228;101209;0.023435;2130000;9707978481;B
20240228;101210;0.023435;10000;9707978603;B
20240228;101210;0.023425;160000;9707978641;S
20240228;101210;0.023435;300000;9707978649;B
20240228;101210;0.02343;10000;9707978698;B
20240228;101210;0.02343;990000;9707978699;B
20240228;101211;0.02343;10000;9707978789;B
20240228;101211;0.02343;990000;9707978790;B
20240228;101211;0.02343;1000000;9707978889;B
20240228;101212;0.02343;100000;9707978958;B
20240228;101212;0.023435;500000;9707979029;B
20240228;101212;0.023435;1000000;9707979031;B
20240228;101213;0.02343;1000000;9707979170;B
20240228;101213;0.02343;2000000;9707979244;B
20240228;101213;0.023435;2190000;9707979245;B
20240228;101213;0.023435;600000;9707979246;B
20240228;101213;0.023435;12800000;9707979247;B
20240228;101213;0.023435;1000000;9707979248;B
20240228;101213;0.023435;1000000;9707979249;B
20240228;101213;0.023435;1000000;9707979250;B
20240228;101213;0.023435;2000000;9707979251;B
20240228;101213;0.023435;10000;9707979252;B
20240228;101213;0.023435;10000;9707979253;B
20240228;101213;0.023435;4000000;9707979254;B
20240228;101213;0.023435;100000;9707979255;B
20240228;101213;0.023435;1420000;9707979256;B
20240228;101213;0.023435;6920000;9707979257;B
20240228;101213;0.023435;1000000;9707979258;B
20240228;101213;0.023435;10000;9707979259;B
20240228;101213;0.02344;50000;9707979260;B
20240228;101213;0.02344;100000;9707979261;B
20240228;101213;0.02344;200000;9707979262;B
20240228;101213;0.02344;20000;9707979263;B
20240228;101213;0.02344;20000;9707979264;B
20240228;101213;0.02344;10000;9707979265;B
20240228;101213;0.02344;10000;9707979266;B
20240228;101213;0.02344;10000;9707979267;B
20240228;101213;0.02344;10000;9707979268;B
20240228;101213;0.02344;6250000;9707979269;B
20240228;101213;0.02344;2260000;9707979270;B
20240228;101214;0.023435;1000000;9707979302;B
20240228;101214;0.023435;10000;9707979369;B
20240228;101214;0.023435;10000;9707979386;B
20240228;101214;0.023425;60000;9707979441;S
20240228;101214;0.023435;540000;9707979461;B
20240228;101215;0.023435;1440000;9707979567;B
20240228;101215;0.023435;6250000;9707979568;B
20240228;101215;0.023435;1000000;9707979569;B
20240228;101215;0.023435;20000;9707979570;B
20240228;101215;0.023435;10000;9707979571;B
20240228;101215;0.023435;2000000;9707979572;B
20240228;101215;0.02344;2280000;9707979573;B
20240228;101215;0.023435;100000;9707979587;B
20240228;101216;0.023435;900000;9707979713;B
20240228;101216;0.023435;100000;9707979714;B
20240228;101218;0.023435;480000;9707980057;B
20240228;101218;0.02343;10000;9707980072;S
20240228;101219;0.02343;90000;9707980351;S
20240228;101219;0.02343;10000;9707980352;S
20240228;101219;0.02343;150000;9707980353;S
20240228;101219;0.023435;80000;9707980354;B
20240228;101220;0.023435;10000;9707980558;B
20240228;101220;0.023435;2990000;9707980567;B
20240228;101220;0.023435;10000;9707980568;B
20240228;101220;0.023435;20000;9707980569;B
20240228;101220;0.023435;40000;9707980570;B
20240228;101220;0.02344;500000;9707980571;B
20240228;101220;0.02344;1000000;9707980572;B
20240228;101220;0.02344;200000;9707980573;B
20240228;101220;0.02344;10000;9707980574;B
20240228;101220;0.02344;2000000;9707980575;B
20240228;101220;0.02344;7090000;9707980576;B
20240228;101220;0.02344;1390000;9707980577;B
20240228;101220;0.02344;1000000;9707980578;B
20240228;101220;0.02344;1000000;9707980664;S
20240228;101220;0.02344;2000000;9707980665;S
20240228;101220;0.023435;6250000;9707980666;S
20240228;101220;0.023435;20000;9707980667;S
20240228;101220;0.023445;100000;9707980669;B
20240228;101220;0.023445;20000;9707980670;B
20240228;101220;0.023445;300000;9707980671;B
20240228;101220;0.023445;10000;9707980672;B
20240228;101220;0.023445;20000;9707980673;B
20240228;101220;0.023445;10000;9707980674;B
20240228;101220;0.023445;10000;9707980675;B
20240228;101220;0.023445;10000;9707980676;B
20240228;101220;0.023445;12870000;9707980677;B
20240228;101220;0.023445;1650000;9707980678;B
20240228;101221;0.023445;750000;9707980706;B
20240228;101221;0.023445;50000;9707980776;B
20240228;101221;0.023445;750000;9707980777;B
20240228;101221;0.023445;10500000;9707980787;B
20240228;101221;0.023445;1000000;9707980861;B
20240228;101221;0.023445;1000000;9707980888;B
20240228;101221;0.023445;1000000;9707980957;B
20240228;101221;0.023445;20000;9707980958;B
20240228;101222;0.023445;1000000;9707980980;B
20240228;101222;0.023445;1270000;9707981017;B
20240228;101222;0.023445;1130000;9707981018;B
20240228;101222;0.023445;10000;9707981125;B
20240228;101222;0.023445;5000000;9707981133;B
20240228;101223;0.02344;10000;9707981221;S
20240228;101223;0.02344;20000;9707981251;S
20240228;101223;0.023445;1540000;9707981259;B
20240228;101223;0.023445;1000000;9707981260;B
20240228;101223;0.023445;2460000;9707981261;B
20240228;101224;0.02344;3540000;9707981492;S
20240228;101224;0.023445;540000;9707981547;B
20240228;101224;0.023445;10000;9707981548;B
20240228;101224;0.023445;1410000;9707981549;B
20240228;101224;0.023445;4280000;9707981550;B
20240228;101224;0.023445;6860000;9707981551;B
20240228;101224;0.023445;1000000;9707981552;B
20240228;101224;0.023445;10900000;9707981553;B
20240228;101224;0.02344;1800000;9707981603;S
20240228;101224;0.023445;1000000;9707981604;B
20240228;101224;0.023445;3000000;9707981605;B
20240228;101224;0.023445;4280000;9707981606;B
20240228;101224;0.023445;12830000;9707981607;B
20240228;101224;0.023445;13800000;9707981608;B
20240228;101224;0.02345;100000;9707981609;B
20240228;101224;0.02345;7640000;9707981610;B
20240228;101224;0.023445;1000000;9707981722;B
20240228;101225;0.023445;1090000;9707981745;B
20240228;101225;0.023445;910000;9707981797;B
20240228;101225;0.023445;170000;9707981798;B
20240228;101225;0.023445;350000;9707981799;B
20240228;101225;0.023445;10000;9707981823;B
20240228;101225;0.023445;40000;9707981824;B
20240228;101225;0.023445;100000;9707981852;B
20240228;101227;0.023445;2860000;9707982107;B
20240228;101227;0.023445;12140000;9707982108;B
20240228;101228;0.023445;10000;9707982367;B
20240228;101228;0.023445;10000;9707982423;B
20240228;101229;0.023445;2840000;9707982569;B
20240228;101229;0.023445;5680000;9707982570;B
20240228;101229;0.023445;10000;9707982571;B
20240228;101229;0.023445;1400000;9707982572;B
20240228;101229;0.023445;3000000;9707982573;B
20240228;101229;0.023445;6820000;9707982574;B
20240228;101229;0.023445;1000000;9707982575;B
20240228;101229;0.02345;1150000;9707982576;B
20240228;101229;0.02344;200000;9707982584;S
20240228;101229;0.02344;50000;9707982585;S
20240228;101230;0.023445;470000;9707982667;B
20240228;101231;0.023445;2530000;9707982845;B
20240228;101231;0.023445;3020000;9707982883;S
20240228;101231;0.023445;80000;9707982884;S
20240228;101231;0.02345;1210000;9707982941;B
20240228;101231;0.02345;10000;9707982942;B
20240228;101231;0.02345;10000;9707982943;B
20240228;101231;0.02345;20000;9707982944;B
20240228;101231;0.02345;50000;9707982945;B
20240228;101231;0.02345;8700000;9707982946;B
20240228;101233;0.023445;1000000;9707983182;S
20240228;101233;0.023445;500000;9707983185;S
20240228;101233;0.023445;40000;9707983194;S
20240228;101235;0.02345;5000000;9707983466;B
20240228;101235;0.023445;10000;9707983548;S
20240228;101235;0.023445;1490000;9707983549;S
20240228;101237;0.02345;10000;9707983951;B
20240228;101237;0.02345;40000;9707983968;B
20240228;101237;0.02345;10000;9707983984;B
20240228;101237;0.02345;1000000;9707984006;B
20240228;101237;0.02345;10000;9707984008;B
20240228;101238;0.02345;10000;9707984085;B
20240228;101238;0.02345;10000;9707984109;B
20240228;101238;0.02345;4390000;9707984163;B
20240228;101238;0.02345;10000;9707984164;B
20240228;101238;0.02345;600000;9707984165;B
20240228;101238;0.02345;10000;9707984166;B
20240228;101238;0.02345;10000;9707984228;B
20240228;101238;0.02345;1380000;9707984237;B
20240228;101238;0.02345;7870000;9707984238;B
20240228;101238;0.02345;500000;9707984239;B
20240228;101238;0.02345;30000;9707984240;B
20240228;101239;0.02345;10000;9707984257;B
20240228;101239;0.02345;10000;9707984332;B
20240228;101239;0.02345;10000;9707984349;B
20240228;101239;0.023445;10000;9707984350;S
20240228;101239;0.023445;200000;9707984351;S
20240228;101239;0.023445;30000;9707984352;S
20240228;101239;0.023445;10000;9707984353;S
20240228;101239;0.02345;10000;9707984382;B
20240228;101239;0.02345;10000;9707984441;B
20240228;101239;0.023445;140000;9707984469;S
20240228;101239;0.02345;10000;9707984480;B
20240228;101240;0.023445;160000;9707984510;S
20240228;101240;0.02345;10000;9707984541;B
20240228;101242;0.023445;1690000;9707985003;S
20240228;101242;0.023445;2640000;9707985004;S
20240228;101242;0.023445;1000000;9707985005;S
20240228;101242;0.023445;40000;9707985006;S
20240228;101242;0.023445;19630000;9707985029;B
20240228;101242;0.023445;3000000;9707985030;B
20240228;101242;0.023445;7370000;9707985031;B
20240228;101242;0.023445;10000;9707985057;B
20240228;101242;0.023445;2000000;9707985058;B
20240228;101242;0.02344;100000;9707985060;S
20240228;101242;0.023445;100000;9707985096;B
20240228;101242;0.023445;100000;9707985097;B
20240228;101243;0.02345;150000;9707985181;B
20240228;101243;0.02345;5250000;9707985182;B
20240228;101243;0.02345;900000;9707985183;B
20240228;101243;0.02345;2000000;9707985318;B
20240228;101244;0.023445;500000;9707985398;S
20240228;101244;0.023445;200000;9707985511;B
20240228;101245;0.023445;10000;9707985629;B
20240228;101245;0.023445;100000;9707985633;B
20240228;101245;0.02344;20000;9707985658;S
20240228;101246;0.023445;500000;9707985730;B
20240228;101246;0.023445;90000;9707985814;B
20240228;101247;0.023445;9100000;9707986100;B
20240228;101247;0.023445;2000000;9707986101;B
20240228;101247;0.023445;1730000;9707986102;B
20240228;101247;0.023445;10000;9707986174;B
20240228;101248;0.02344;14320000;9707986290;S
20240228;101248;0.023445;1000000;9707986296;B
20240228;101248;0.02344;280000;9707986327;S
20240228;101249;0.02344;5000000;9707986425;S
20240228;101249;0.023445;18720000;9707986490;B
20240228;101250;0.023445;10000;9707986708;B
20240228;101250;0.02344;280000;9707986712;S
20240228;101250;0.02344;2000000;9707986713;S
20240228;101250;0.02344;7720000;9707986714;S
20240228;101251;0.02344;600000;9707986885;S
20240228;101253;0.02344;280000;9707987368;S
20240228;101253;0.023445;190000;9707987370;B
20240228;101254;0.023445;10000;9707987426;B
20240228;101255;0.023445;20980000;9707987569;B
20240228;101255;0.023445;5000000;9707987570;B
20240228;101255;0.023445;2000000;9707987571;B
20240228;101255;0.023445;12830000;9707987572;B
20240228;101255;0.023445;50000;9707987573;B
20240228;101255;0.023445;1790000;9707987574;B
20240228;101255;0.02344;120000;9707987652;S
20240228;101255;0.023435;300000;9707987653;S
20240228;101255;0.023435;300000;9707987654;S
20240228;101255;0.023435;15000000;9707987655;S
20240228;101255;0.023435;2000000;9707987656;S
20240228;101255;0.023435;1730000;9707987657;S
20240228;101255;0.02343;5550000;9707987658;S
20240228;101255;0.02343;10000000;9707987659;S
20240228;101255;0.02343;7800000;9707987660;S
20240228;101255;0.023435;100000;9707987672;B
20240228;101255;0.02343;100000;9707987679;S
20240228;101255;0.023435;900000;9707987696;B
20240228;101255;0.023435;1730000;9707987697;B
20240228;101255;0.023435;2000000;9707987698;B
20240228;101255;0.023435;3000000;9707987699;B
20240228;101255;0.023435;8440000;9707987700;B
20240228;101255;0.02344;3000000;9707987701;B
20240228;101255;0.02344;930000;9707987702;B
20240228;101256;0.02343;200000;9707987903;S
20240228;101257;0.02343;3000000;9707987933;S
20240228;101257;0.02343;2000000;9707988003;S
20240228;101258;0.02343;1900000;9707988227;S
20240228;101258;0.023425;1000000;9707988243;S
20240228;101258;0.02343;1000000;9707988323;B
20240228;101258;0.02343;1250000;9707988324;B
20240228;101259;0.023425;500000;9707988438;S
20240228;101259;0.02343;30000;9707988465;B
20240228;101259;0.023425;5830000;9707988662;S
20240228;101259;0.023425;10000;9707988663;S
20240228;101259;0.023425;20000;9707988664;S
20240228;101259;0.023425;10000;9707988665;S
20240228;101259;0.023425;10000000;9707988666;S
20240228;101259;0.023425;10000;9707988667;S
20240228;101300;0.02342;600000;9707988908;S
20240228;101301;0.02342;40000;9707989214;S
20240228;101301;0.023425;1000000;9707989235;B
20240228;101301;0.023425;520000;9707989236;B
20240228;101301;0.02342;200000;9707989273;S
20240228;101301;0.023425;10000;9707989383;B
20240228;101302;0.02342;4160000;9707989453;S
20240228;101302;0.02342;50000;9707989454;S
20240228;101302;0.02342;20000000;9707989455;S
20240228;101302;0.023415;40000;9707989541;B
20240228;101302;0.02341;770000;9707989566;S
20240228;101302;0.02341;10000;9707989567;S
20240228;101302;0.02341;10000;9707989568;S
20240228;101302;0.02341;10000;9707989569;S
20240228;101302;0.02341;10000;9707989570;S
20240228;101302;0.02341;10000;9707989571;S
20240228;101302;0.02341;10000;9707989572;S
20240228;101302;0.02341;10000;9707989573;S
20240228;101302;0.02341;10000;9707989574;S
20240228;101302;0.02341;10000;9707989575;S
20240228;101302;0.02341;4500000;9707989576;S
20240228;101302;0.02341;2000000;9707989577;S
20240228;101302;0.02341;2640000;9707989578;S
20240228;101303;0.02341;360000;9707989704;S
20240228;101303;0.023415;500000;9707989764;B
20240228;101303;0.02341;10000;9707989775;S
20240228;101303;0.023415;460000;9707989780;B
20240228;101303;0.023415;2000000;9707989781;B
20240228;101303;0.023415;4340000;9707989782;B
20240228;101303;0.02341;2990000;9707989858;S
20240228;101304;0.02341;3000000;9707989981;S
20240228;101304;0.02341;420000;9707990043;B
20240228;101304;0.023405;10000;9707990186;S
20240228;101306;0.02341;50000;9707990412;B
20240228;101306;0.02341;4220000;9707990448;B
20240228;101306;0.023405;4990000;9707990449;S
20240228;101306;0.023405;200000;9707990450;S
20240228;101306;0.023405;100000;9707990451;S
20240228;101306;0.023405;20000;9707990452;S
20240228;101306;0.023405;3000000;9707990453;S
20240228;101306;0.02341;420000;9707990471;B
20240228;101307;0.02341;10000;9707990639;B
20240228;101307;0.02341;650000;9707990643;B
20240228;101307;0.023405;100000;9707990650;S
20240228;101309;0.02341;230000;9707991156;B
20240228;101310;0.023405;20000;9707991384;S
20240228;101312;0.02341;6000000;9707991724;B
20240228;101312;0.02341;2640000;9707991725;B
20240228;101312;0.023415;1000000;9707991726;B
20240228;101312;0.023415;10000;9707991727;B
20240228;101312;0.023415;350000;9707991728;B
20240228;101314;0.023415;100000;9707991932;B
20240228;101314;0.023415;90000;9707991968;B
20240228;101314;0.023415;300000;9707992027;B
20240228;101316;0.023415;10000;9707992302;B
20240228;101319;0.02342;300000;9707992682;B
20240228;101319;0.02341;10000;9707992734;S
20240228;101321;0.02341;60000;9707993080;S
20240228;101322;0.02342;12830000;9707993228;B
20240228;101322;0.02342;10000;9707993229;B
20240228;101322;0.02342;4160000;9707993230;B
20240228;101322;0.02342;2200000;9707993265;B
20240228;101323;0.023415;10000;9707993854;S
20240228;101323;0.02342;40000;9707994009;B
20240228;101323;0.02342;3600000;9707994030;B
20240228;101323;0.02342;8120000;9707994031;B
20240228;101323;0.023425;990000;9707994032;B
20240228;101323;0.023425;2000000;9707994033;B
20240228;101323;0.023425;7320000;9707994034;B
20240228;101323;0.02343;1000000;9707994035;B
20240228;101323;0.02343;6250000;9707994036;B
20240228;101323;0.02343;6000000;9707994037;B
20240228;101323;0.02343;200000;9707994038;B
20240228;101323;0.02343;100000;9707994039;B
20240228;101323;0.02343;3130000;9707994040;B
20240228;101324;0.02343;40000;9707994416;B
20240228;101325;0.02342;10000;9707994543;S
20240228;101325;0.023425;10000;9707994600;B
20240228;101325;0.02343;10000;9707994601;B
20240228;101327;0.023425;400000;9707995035;B
20240228;101327;0.023425;600000;9707995052;B
20240228;101327;0.023425;2000000;9707995053;B
20240228;101327;0.023425;8050000;9707995054;B
20240228;101327;0.02343;5290000;9707995055;B
20240228;101327;0.023415;330000;9707995098;S
20240228;101327;0.023425;100000;9707995112;B
20240228;101327;0.023425;30000;9707995239;B
20240228;101328;0.023415;90000;9707995251;S
20240228;101328;0.023425;20000;9707995407;B
20240228;101328;0.023425;220000;9707995434;B
20240228;101328;0.023425;60000;9707995597;B
20240228;101331;0.023425;10000;9707996050;B
20240228;101331;0.023425;690000;9707996051;B
20240228;101333;0.023425;1000000;9707996286;B
20240228;101334;0.023425;10000;9707996694;B
20240228;101334;0.023425;40000;9707996724;B
20240228;101336;0.023425;20000;9707997057;B
20240228;101336;0.02342;20000;9707997178;S
20240228;101337;0.02342;10000;9707997213;S
20240228;101338;0.023425;420000;9707997350;B
20240228;101339;0.023425;20000;9707997505;B
20240228;101341;0.023425;90000;9707998026;B
20240228;101342;0.023425;10000;9707998087;B
20240228;101342;0.023425;20000;9707998143;B
20240228;101342;0.02342;20000;9707998176;S
20240228;101343;0.02342;1480000;9707998401;S
20240228;101344;0.02342;50000;9707998666;B
20240228;101346;0.02342;40000;9707998904;B
20240228;101346;0.02342;30000;9707999095;B
20240228;101347;0.02342;80000;9707999278;B
20240228;101347;0.02342;20000;9707999279;B
20240228;101348;0.02342;10000;9707999387;B
20240228;101348;0.023415;10000;9707999406;S
20240228;101351;0.02342;50000;9707999741;B
20240228;101351;0.02342;10000;9707999743;B
20240228;101353;0.023425;30000;9708000226;B
20240228;101354;0.023425;1820000;9708000329;B
20240228;101354;0.023425;2000000;9708000330;B
20240228;101354;0.023425;2000000;9708000331;B
20240228;101354;0.023425;10000000;9708000332;B
20240228;101354;0.023425;1640000;9708000333;B
20240228;101354;0.023425;7540000;9708000334;B
20240228;101355;0.02342;10000;9708000482;S
20240228;101355;0.02342;30000;9708000505;S
20240228;101356;0.02343;10000;9708000754;B
20240228;101356;0.02343;10000;9708000755;B
20240228;101356;0.02343;480000;9708000756;B
20240228;101357;0.02343;20000;9708000834;B
20240228;101358;0.02343;400000;9708000923;B
20240228;101359;0.02343;10000;9708001059;B
20240228;101400;0.02343;20000;9708001180;B
20240228;101401;0.02343;10000;9708001350;B
20240228;101402;0.023425;150000;9708001527;S
20240228;101402;0.02343;10000;9708001562;B
20240228;101402;0.02343;10000;9708001615;B
20240228;101403;0.023425;80000;9708001751;S
20240228;101403;0.02343;20000;9708001752;B
20240228;101404;0.02343;20000;9708001923;B
20240228;101404;0.02343;850000;9708001924;B
20240228;101404;0.02343;2000000;9708001925;B
20240228;101404;0.02343;130000;9708001926;B
