<DATE>;<TIME>;<LAST>;<VOL>;<ID>;<OPER>
20240125;095957;0.024200000;10000;9463804523;B
20240125;095957;0.024200000;10000;9463804524;B
20240125;095957;0.024200000;10000;9463804525;B
20240125;095957;0.024200000;10000;9463804526;S
20240125;095957;0.024200000;40000;9463804527;S
20240125;095957;0.024200000;10000;9463804528;S
20240125;095957;0.024200000;10000;9463804529;B
20240125;095957;0.024200000;70000;9463804530;B
20240125;095957;0.024200000;50000;9463804531;B
20240125;095957;0.024200000;180000;9463804532;S
20240125;095957;0.024200000;10000;9463804533;B
20240125;095957;0.024200000;100000;9463804534;B
20240125;095957;0.024200000;50000;9463804535;B
20240125;095957;0.024200000;10000;9463804536;B
20240125;095957;0.024200000;50000;9463804537;B
20240125;095957;0.024200000;150000;9463804538;B
20240125;095957;0.024200000;10000;9463804539;B
20240125;095957;0.024200000;940000;9463804540;B
20240125;095957;0.024200000;10000;9463804541;B
20240125;095957;0.024200000;10000;9463804542;B
20240125;095957;0.024200000;20000;9463804543;B
20240125;095957;0.024200000;10000;9463804544;B
20240125;095957;0.024200000;110000;9463804545;B
20240125;095957;0.024200000;10000;9463804546;S
20240125;095957;0.024200000;90000;9463804547;S
20240125;095957;0.024200000;20000;9463804548;S
20240125;095957;0.024200000;40000;9463804549;S
20240125;095957;0.024200000;160000;9463804550;B
20240125;095957;0.024200000;580000;9463804551;B
20240125;095957;0.024200000;10000;9463804552;B
20240125;095957;0.024200000;4130000;9463804553;B
20240125;095957;0.024200000;10000;9463804554;B
20240125;095957;0.024200000;2270000;9463804555;B
20240125;095957;0.024200000;50000;9463804556;B
20240125;095957;0.024200000;20000;9463804557;B
20240125;095957;0.024200000;50000;9463804558;B
20240125;095957;0.024200000;10000;9463804559;B
20240125;095957;0.024200000;30000;9463804560;B
20240125;095957;0.024200000;10000;9463804561;B
20240125;095957;0.024200000;20000;9463804562;B
20240125;095957;0.024200000;600000;9463804563;B
20240125;095957;0.024200000;320000;9463804564;B
20240125;095957;0.024200000;80000;9463804565;B
20240125;095957;0.024200000;100000;9463804566;B
20240125;095957;0.024200000;620000;9463804567;B
20240125;095957;0.024200000;2060000;9463804568;B
20240125;095957;0.024200000;80000;9463804569;B
20240125;095957;0.024200000;80000;9463804570;B
20240125;095957;0.024200000;10000;9463804571;S
20240125;095957;0.024200000;80000;9463804572;B
20240125;095957;0.024200000;20000;9463804573;B
20240125;095957;0.024200000;10000;9463804574;S
20240125;095957;0.024200000;10000;9463804575;B
20240125;095957;0.024200000;10000;9463804576;B
20240125;095957;0.024200000;10000;9463804577;B
20240125;095957;0.024200000;10000;9463804578;B
20240125;095957;0.024200000;10000;9463804579;B
20240125;095957;0.024200000;10000;9463804580;S
20240125;095957;0.024200000;10000;9463804581;B
20240125;095957;0.024200000;10000;9463804582;B
20240125;095957;0.024200000;10000;9463804583;B
20240125;095957;0.024200000;10000;9463804584;B
20240125;095957;0.024200000;10000;9463804585;B
20240125;095957;0.024200000;10000;9463804586;B
20240125;095957;0.024200000;10000;9463804587;B
20240125;095957;0.024200000;10000;9463804588;S
20240125;095957;0.024200000;10000;9463804589;B
20240125;095957;0.024200000;10000;9463804590;B
20240125;095957;0.024200000;10000;9463804591;B
20240125;095957;0.024200000;10000;9463804592;B
20240125;095957;0.024200000;10000;9463804593;B
20240125;095957;0.024200000;10000;9463804594;B
20240125;095957;0.024200000;10000;9463804595;B
20240125;095957;0.024200000;10000;9463804596;B
20240125;095957;0.024200000;10000;9463804597;S
20240125;095957;0.024200000;2000000;9463804598;B
20240125;095957;0.024200000;10000;9463804599;B
20240125;095957;0.024200000;10000;9463804600;B
20240125;095957;0.024200000;10000;9463804601;B
20240125;095957;0.024200000;20000;9463804602;S
20240125;095957;0.024200000;10000;9463804603;S
20240125;095957;0.024200000;10000;9463804604;B
20240125;095957;0.024200000;10000;9463804605;B
20240125;095957;0.024200000;10000;9463804606;B
20240125;095957;0.024200000;10000;9463804607;B
20240125;095957;0.024200000;10000;9463804608;S
20240125;095957;0.024200000;10000;9463804609;B
20240125;095957;0.024200000;20000;9463804610;S
20240125;095957;0.024200000;10000;9463804611;B
20240125;095957;0.024200000;4660000;9463804612;S
20240125;095957;0.024200000;60000;9463804613;S
20240125;095957;0.024200000;50000;9463804614;S
20240125;095957;0.024200000;230000;9463804615;B
20240125;095957;0.024200000;10000;9463804616;B
20240125;095957;0.024200000;760000;9463804617;B
20240125;095957;0.024200000;740000;9463804618;B
20240125;095957;0.024200000;10000;9463804619;B
20240125;100001;0.024200000;500000;9463805911;B
20240125;100001;0.024205000;40000;9463805912;B
20240125;100001;0.024205000;1560000;9463805913;B
20240125;100001;0.024205000;440000;9463805945;B
20240125;100001;0.024205000;50000;9463806138;S
20240125;100001;0.024210000;530000;9463806215;B
20240125;100001;0.024210000;10000;9463806221;B
20240125;100001;0.024210000;10000;9463806711;B
20240125;100002;0.024200000;10000;9463806839;S
20240125;100002;0.024195000;400000;9463807087;S
20240125;100002;0.024210000;500000;9463807128;B
20240125;100003;0.024200000;370000;9463807596;B
20240125;100003;0.024215000;1900000;9463807730;B
20240125;100003;0.024210000;100000;9463807799;B
20240125;100003;0.024205000;100000;9463807850;S
20240125;100003;0.024205000;10000;9463807884;S
20240125;100004;0.024210000;610000;9463808000;B
20240125;100004;0.024210000;10000;9463808062;B
20240125;100004;0.024215000;100000;9463808063;B
20240125;100004;0.024215000;50000;9463808064;B
20240125;100004;0.024215000;200000;9463808065;B
20240125;100004;0.024205000;30000;9463808066;S
20240125;100004;0.024215000;380000;9463808067;B
20240125;100004;0.024205000;440000;9463808131;S
20240125;100004;0.024215000;50000;9463808132;B
20240125;100004;0.024215000;10000;9463808393;B
20240125;100004;0.024195000;170000;9463808394;S
20240125;100004;0.024195000;10000;9463808395;S
20240125;100004;0.024215000;50000;9463808396;B
20240125;100005;0.024210000;10000;9463808688;B
20240125;100005;0.024210000;1000000;9463808689;B
20240125;100005;0.024215000;10000;9463808748;B
20240125;100005;0.024215000;10000;9463808750;B
20240125;100005;0.024210000;110000;9463808751;S
20240125;100005;0.024215000;50000;9463808880;B
20240125;100005;0.024215000;20000;9463808885;B
20240125;100005;0.024210000;500000;9463808887;S
20240125;100005;0.024210000;10000;9463808888;S
20240125;100005;0.024215000;20000;9463809031;B
20240125;100005;0.024215000;30000;9463809283;B
20240125;100005;0.024215000;10000;9463809284;B
20240125;100005;0.024215000;10000;9463809285;B
20240125;100005;0.024210000;610000;9463809340;S
20240125;100005;0.024215000;10000;9463809382;B
20240125;100005;0.024215000;10000;9463809383;B
20240125;100005;0.024215000;20000;9463809388;B
20240125;100005;0.024215000;20000;9463809450;B
20240125;100005;0.024210000;290000;9463809457;S
20240125;100005;0.024195000;30000;9463809458;S
20240125;100005;0.024215000;50000;9463809499;B
20240125;100005;0.024215000;30000;9463809601;B
20240125;100005;0.024215000;70000;9463809612;B
20240125;100005;0.024215000;200000;9463809613;B
20240125;100005;0.024215000;10000;9463809614;B
20240125;100005;0.024215000;20000;9463809616;B
20240125;100005;0.024215000;10000;9463809794;B
20240125;100005;0.024195000;390000;9463809797;S
20240125;100005;0.024195000;20000;9463809798;S
20240125;100005;0.024215000;10000;9463810024;B
20240125;100005;0.024195000;40000;9463810028;S
20240125;100005;0.024195000;1300000;9463810030;S
20240125;100005;0.024215000;10000;9463810033;B
20240125;100005;0.024195000;2000000;9463810063;S
20240125;100005;0.024215000;60000;9463810081;B
20240125;100005;0.024195000;10000;9463810094;S
20240125;100005;0.024195000;250000;9463810105;S
20240125;100005;0.024195000;120000;9463810106;S
20240125;100006;0.024195000;30000;9463810189;S
20240125;100006;0.024195000;20000;9463810190;S
20240125;100006;0.024195000;90000;9463810191;S
20240125;100006;0.024215000;20000;9463810192;B
20240125;100006;0.024215000;10000;9463810193;B
20240125;100006;0.024195000;1610000;9463810199;S
20240125;100006;0.024195000;50000;9463810354;S
20240125;100006;0.024195000;30000;9463810355;S
20240125;100006;0.024215000;4540000;9463810356;B
20240125;100006;0.024215000;1000000;9463810357;B
20240125;100006;0.024215000;6220000;9463810358;B
20240125;100006;0.024195000;430000;9463810363;S
20240125;100006;0.024195000;60000;9463810364;S
20240125;100006;0.024195000;140000;9463810366;S
20240125;100006;0.024210000;10000;9463810463;B
20240125;100006;0.024210000;20000;9463810464;B
20240125;100006;0.024195000;2020000;9463810634;S
20240125;100006;0.024210000;10000;9463810663;B
20240125;100006;0.024210000;10000;9463810664;B
20240125;100006;0.024195000;430000;9463810714;S
20240125;100006;0.024195000;400000;9463810715;S
20240125;100006;0.024195000;860000;9463810716;S
20240125;100006;0.024195000;430000;9463810719;S
20240125;100006;0.024195000;430000;9463810720;S
20240125;100006;0.024200000;2620000;9463810826;S
20240125;100006;0.024200000;900000;9463810904;S
20240125;100006;0.024205000;10000;9463810985;S
20240125;100006;0.024200000;30000;9463810986;S
20240125;100006;0.024210000;10000;9463810988;B
20240125;100006;0.024210000;10000;9463810989;B
20240125;100006;0.024200000;20000;9463810990;S
20240125;100006;0.024200000;10000;9463810991;S
20240125;100006;0.024200000;550000;9463811001;S
20240125;100006;0.024195000;350000;9463811002;S
20240125;100006;0.024195000;210000;9463811006;S
20240125;100006;0.024195000;440000;9463811029;S
20240125;100006;0.024190000;240000;9463811030;S
20240125;100006;0.024195000;40000;9463811052;S
20240125;100006;0.024195000;50000;9463811146;S
20240125;100006;0.024210000;10000;9463811147;B
20240125;100006;0.024210000;10000;9463811149;B
20240125;100006;0.024210000;20000;9463811150;B
20240125;100007;0.024210000;10000;9463811403;B
20240125;100007;0.024210000;10000;9463811404;B
20240125;100007;0.024210000;10000;9463811405;B
20240125;100007;0.024210000;10000;9463811550;B
20240125;100007;0.024195000;90000;9463811556;S
20240125;100007;0.024195000;810000;9463811593;S
20240125;100007;0.024195000;10000;9463811624;S
20240125;100007;0.024190000;90000;9463811625;S
20240125;100007;0.024210000;10000;9463811696;B
20240125;100007;0.024195000;10000;9463811809;S
20240125;100008;0.024210000;30000;9463812075;B
20240125;100008;0.024195000;40000;9463812076;S
20240125;100010;0.024210000;270000;9463813046;B
20240125;100010;0.024210000;40000;9463813135;B
20240125;100012;0.024200000;270000;9463814111;S
20240125;100012;0.024200000;1000000;9463814112;S
20240125;100012;0.024195000;730000;9463814113;S
20240125;100014;0.024210000;1000000;9463814759;B
20240125;100014;0.024215000;1100000;9463814760;B
20240125;100015;0.024210000;20000;9463815006;B
20240125;100015;0.024205000;500000;9463815267;S
20240125;100015;0.024210000;10000;9463815291;B
20240125;100016;0.024210000;10000;9463815397;B
20240125;100016;0.024210000;1000000;9463815519;B
20240125;100017;0.024210000;130000;9463815824;B
20240125;100018;0.024205000;30000;9463815979;S
20240125;100019;0.024205000;30000;9463816325;S
20240125;100020;0.024215000;10000;9463816648;B
20240125;100020;0.024215000;10000;9463816756;B
20240125;100021;0.024215000;3020000;9463817131;B
20240125;100021;0.024215000;1000000;9463817132;B
20240125;100021;0.024215000;5980000;9463817133;B
20240125;100022;0.024215000;10000;9463817349;B
20240125;100022;0.024215000;250000;9463817350;B
20240125;100022;0.024220000;100000;9463817351;B
20240125;100022;0.024220000;9640000;9463817352;B
20240125;100024;0.024210000;50000;9463817742;S
20240125;100024;0.024205000;50000;9463817743;S
20240125;100026;0.024205000;100000;9463818124;S
20240125;100027;0.024215000;40000;9463818273;B
20240125;100027;0.024215000;200000;9463818366;B
20240125;100030;0.024215000;10000;9463818869;B
20240125;100031;0.024215000;10000;9463819101;B
20240125;100032;0.024215000;10000;9463819171;B
20240125;100033;0.024205000;190000;9463819409;S
20240125;100034;0.024205000;10000;9463819510;S
20240125;100034;0.024205000;30000;9463819605;S
20240125;100036;0.024210000;40000;9463819868;B
20240125;100036;0.024210000;10000;9463819942;B
20240125;100039;0.024205000;10000;9463820692;S
20240125;100040;0.024215000;100000;9463820768;B
20240125;100042;0.024205000;10000;9463821320;S
20240125;100042;0.024205000;40000;9463821463;S
20240125;100045;0.024215000;50000;9463822113;B
20240125;100046;0.024205000;40000;9463822288;S
20240125;100046;0.024210000;120000;9463822318;B
20240125;100047;0.024210000;90000;9463822620;B
20240125;100049;0.024210000;50000;9463822868;B
20240125;100052;0.024210000;30000;9463823660;B
20240125;100053;0.024210000;80000;9463823664;B
20240125;100054;0.024205000;50000;9463824091;S
20240125;100055;0.024210000;120000;9463824146;B
20240125;100056;0.024210000;10000;9463824339;B
20240125;100057;0.024210000;30000;9463824576;B
20240125;100058;0.024205000;10000;9463824686;S
20240125;100058;0.024205000;20000;9463824720;S
20240125;100058;0.024205000;20000;9463824777;S
20240125;100100;0.024205000;2040000;9463825099;S
20240125;100100;0.024205000;30000;9463825100;S
20240125;100100;0.024205000;90000;9463825101;S
20240125;100100;0.024205000;130000;9463825102;S
20240125;100100;0.024205000;120000;9463825103;S
20240125;100100;0.024205000;10000;9463825104;S
20240125;100100;0.024205000;80000;9463825105;S
20240125;100100;0.024205000;30000;9463825106;S
20240125;100100;0.024205000;100000;9463825107;S
20240125;100100;0.024205000;100000;9463825108;S
20240125;100100;0.024205000;400000;9463825109;S
20240125;100100;0.024205000;3000000;9463825110;S
20240125;100100;0.024205000;400000;9463825111;S
20240125;100100;0.024205000;10000;9463825112;S
20240125;100100;0.024200000;180000;9463825130;S
20240125;100100;0.024200000;1420000;9463825131;S
20240125;100102;0.024210000;730000;9463825624;B
20240125;100102;0.024210000;1270000;9463825625;B
20240125;100103;0.024200000;18580000;9463825784;S
20240125;100103;0.024200000;10000;9463825785;S
20240125;100107;0.024205000;90000;9463826567;B
20240125;100107;0.024205000;10000;9463826704;B
20240125;100108;0.024205000;100000;9463826854;B
20240125;100110;0.024195000;10000;9463827234;S
20240125;100110;0.024190000;30000;9463827235;S
20240125;100110;0.024205000;50000;9463827279;B
20240125;100114;0.024190000;9640000;9463828003;S
20240125;100114;0.024190000;10000;9463828004;S
20240125;100114;0.024190000;10000;9463828005;S
20240125;100114;0.024190000;6000000;9463828006;S
20240125;100114;0.024190000;1000000;9463828007;S
20240125;100114;0.024185000;1000000;9463828008;S
20240125;100114;0.024185000;6000000;9463828009;S
20240125;100114;0.024185000;250000;9463828010;S
20240125;100114;0.024185000;10000;9463828011;S
20240125;100114;0.024185000;10000;9463828012;S
20240125;100114;0.024185000;10000;9463828013;S
20240125;100114;0.024185000;10000;9463828014;S
20240125;100114;0.024185000;10000;9463828015;S
20240125;100114;0.024185000;21740000;9463828016;S
20240125;100114;0.024180000;10000;9463828017;S
20240125;100114;0.024180000;10000;9463828018;S
20240125;100114;0.024180000;150000;9463828019;S
20240125;100114;0.024180000;1000000;9463828020;S
20240125;100114;0.024180000;10000;9463828021;S
20240125;100114;0.024180000;10000;9463828022;S
20240125;100114;0.024180000;120000;9463828023;S
20240125;100114;0.024180000;1000000;9463828024;S
20240125;100114;0.024180000;6000000;9463828025;S
20240125;100114;0.024180000;10000;9463828026;S
20240125;100114;0.024180000;23300000;9463828027;S
20240125;100114;0.024180000;200000;9463828075;S
20240125;100114;0.024195000;10000;9463828090;B
20240125;100120;0.024195000;990000;9463829970;B
20240125;100120;0.024195000;4140000;9463829971;B
20240125;100120;0.024195000;4870000;9463829972;B
20240125;100122;0.024195000;10000;9463830443;B
20240125;100125;0.024180000;53200000;9463832676;S
20240125;100125;0.024180000;10000;9463833021;S
20240125;100125;0.024180000;20000;9463833032;S
20240125;100125;0.024180000;50000;9463833303;S
20240125;100125;0.024180000;50000;9463833401;S
20240125;100125;0.024180000;50000;9463833409;S
20240125;100125;0.024180000;50000;9463833710;S
20240125;100125;0.024180000;40000;9463833838;S
20240125;100125;0.024185000;10000;9463833879;B
20240125;100125;0.024180000;20000;9463834136;S
20240125;100126;0.024180000;50000;9463835001;B
20240125;100127;0.024175000;5000000;9463835998;S
20240125;100127;0.024175000;25000000;9463835999;S
20240125;100127;0.024185000;20000;9463836073;B
20240125;100128;0.024175000;23370000;9463836632;S
20240125;100128;0.024175000;50000;9463836729;S
20240125;100129;0.024175000;31000000;9463837234;S
20240125;100130;0.024180000;12420000;9463837567;B
20240125;100130;0.024180000;1000000;9463837568;B
20240125;100130;0.024180000;580000;9463837569;B
20240125;100131;0.024180000;10000;9463837743;B
20240125;100133;0.024175000;580000;9463838347;S
20240125;100133;0.024170000;30000;9463838348;S
20240125;100133;0.024170000;10000;9463838349;S
20240125;100133;0.024170000;20000;9463838350;S
20240125;100133;0.024170000;10000;9463838351;S
20240125;100133;0.024170000;10000;9463838352;S
20240125;100133;0.024170000;10000;9463838353;S
20240125;100133;0.024170000;20000;9463838354;S
20240125;100133;0.024170000;20000;9463838355;S
20240125;100133;0.024170000;40000;9463838356;S
20240125;100133;0.024170000;50000;9463838357;S
20240125;100133;0.024170000;80000;9463838358;S
20240125;100133;0.024170000;10000;9463838359;S
20240125;100133;0.024170000;10000;9463838360;S
20240125;100133;0.024170000;20000;9463838361;S
20240125;100133;0.024170000;20000;9463838362;S
20240125;100133;0.024170000;10000;9463838363;S
20240125;100133;0.024170000;10000;9463838364;S
20240125;100133;0.024170000;40000;9463838365;S
20240125;100133;0.024170000;10000;9463838366;S
20240125;100133;0.024175000;290000;9463838471;B
20240125;100134;0.024170000;10000;9463838658;S
20240125;100134;0.024170000;260000;9463838659;S
20240125;100134;0.024170000;80000;9463838660;S
20240125;100134;0.024170000;20000;9463838661;S
20240125;100134;0.024170000;40000;9463838662;S
20240125;100134;0.024170000;10000;9463838663;S
20240125;100134;0.024170000;40000;9463838664;S
20240125;100134;0.024170000;10000;9463838665;S
20240125;100134;0.024170000;20000;9463838666;S
20240125;100134;0.024170000;1500000;9463838667;S
20240125;100134;0.024170000;10000;9463838668;S
20240125;100134;0.024170000;10000;9463838669;S
20240125;100134;0.024170000;7990000;9463838670;S
20240125;100135;0.024170000;11420000;9463838680;S
20240125;100135;0.024170000;50000;9463838681;S
20240125;100135;0.024170000;5470000;9463838682;S
20240125;100135;0.024170000;5000000;9463838683;S
20240125;100135;0.024170000;1000000;9463838684;S
20240125;100135;0.024170000;30000;9463838685;S
20240125;100135;0.024170000;10000;9463838686;S
20240125;100135;0.024170000;560000;9463838687;S
20240125;100135;0.024170000;20000;9463838688;S
20240125;100135;0.024170000;10000;9463838689;S
20240125;100135;0.024170000;70000;9463838690;S
20240125;100135;0.024170000;20000;9463838691;S
20240125;100135;0.024165000;1000000;9463838692;S
20240125;100135;0.024160000;80000;9463838693;S
20240125;100135;0.024160000;10000;9463838694;S
20240125;100135;0.024160000;1500000;9463838695;S
20240125;100135;0.024160000;10000;9463838696;S
20240125;100135;0.024160000;1000000;9463838697;S
20240125;100135;0.024155000;10000;9463838698;S
20240125;100135;0.024155000;10000;9463838699;S
20240125;100135;0.024155000;10000;9463838700;S
20240125;100135;0.024155000;11840000;9463838701;S
20240125;100135;0.024155000;6000000;9463838702;S
20240125;100135;0.024155000;1000000;9463838703;S
20240125;100135;0.024155000;12000000;9463838704;S
20240125;100135;0.024150000;50000;9463838705;S
20240125;100135;0.024150000;90000;9463838706;S
20240125;100135;0.024150000;1500000;9463838707;S
20240125;100135;0.024150000;1500000;9463838708;S
20240125;100135;0.024150000;20000;9463838709;S
20240125;100135;0.024150000;500000;9463838710;S
20240125;100135;0.024150000;1110000;9463838711;S
20240125;100135;0.024150000;100000;9463838712;S
20240125;100135;0.024150000;10000;9463838713;S
20240125;100135;0.024150000;100000;9463838714;S
20240125;100135;0.024150000;2200000;9463838715;S
20240125;100135;0.024150000;11840000;9463838716;S
20240125;100135;0.024150000;6000000;9463838717;S
20240125;100135;0.024150000;1000000;9463838718;S
20240125;100135;0.024150000;15850000;9463838719;S
20240125;100135;0.024165000;100000;9463838726;B
20240125;100135;0.024160000;10000;9463838826;S
20240125;100135;0.024160000;70000;9463838827;S
20240125;100136;0.024150000;10000;9463839094;S
20240125;100136;0.024150000;670000;9463839095;S
20240125;100136;0.024140000;1000000;9463839096;S
20240125;100136;0.024140000;80000;9463839097;S
20240125;100136;0.024140000;1500000;9463839098;S
20240125;100136;0.024140000;30000;9463839099;S
20240125;100136;0.024140000;10000;9463839100;S
20240125;100136;0.024140000;10000;9463839101;S
20240125;100136;0.024140000;6690000;9463839102;S
20240125;100137;0.024155000;10000;9463839155;B
20240125;100137;0.024155000;50000;9463839219;B
20240125;100138;0.024155000;10000;9463839362;B
20240125;100139;0.024155000;50000;9463839435;B
20240125;100140;0.024155000;880000;9463839682;B
20240125;100140;0.024155000;1120000;9463839683;B
20240125;100141;0.024145000;4140000;9463839906;S
20240125;100141;0.024145000;10000000;9463839907;S
20240125;100141;0.024140000;5150000;9463839908;S
20240125;100141;0.024140000;1000000;9463839909;S
20240125;100141;0.024135000;100000;9463839910;S
20240125;100141;0.024135000;10000;9463839911;S
20240125;100141;0.024135000;10000;9463839912;S
20240125;100141;0.024135000;11840000;9463839913;S
20240125;100141;0.024135000;1000000;9463839914;S
20240125;100141;0.024135000;12410000;9463839915;S
20240125;100141;0.024130000;80000;9463839916;S
20240125;100141;0.024130000;200000;9463839917;S
20240125;100141;0.024130000;10000;9463839918;S
20240125;100141;0.024130000;100000;9463839919;S
20240125;100141;0.024130000;10000;9463839920;S
20240125;100141;0.024130000;10000;9463839921;S
20240125;100141;0.024130000;10000;9463839922;S
20240125;100141;0.024130000;11840000;9463839923;S
20240125;100141;0.024130000;6000000;9463839924;S
20240125;100141;0.024130000;1000000;9463839925;S
20240125;100141;0.024130000;1000000;9463839926;S
20240125;100141;0.024130000;4000000;9463839927;S
20240125;100141;0.024125000;5000000;9463839928;S
20240125;100141;0.024125000;10000;9463839929;S
20240125;100141;0.024125000;1000000;9463839930;S
20240125;100141;0.024125000;11840000;9463839931;S
20240125;100141;0.024125000;6000000;9463839932;S
20240125;100141;0.024125000;1000000;9463839933;S
20240125;100141;0.024120000;10000;9463839934;S
20240125;100141;0.024120000;10000;9463839935;S
20240125;100141;0.024120000;80000;9463839936;S
20240125;100141;0.024120000;10000;9463839937;S
20240125;100141;0.024120000;4120000;9463839938;S
20240125;100141;0.024120000;10000;9463839939;S
20240125;100141;0.024120000;990000;9463839940;S
20240125;100141;0.024120000;60000;9463839941;S
20240125;100141;0.024150000;10000;9463839944;B
20240125;100141;0.024150000;410000;9463839995;B
20240125;100142;0.024140000;50000;9463840085;B
20240125;100142;0.024150000;50000;9463840086;B
20240125;100142;0.024130000;2000000;9463840116;S
20240125;100142;0.024130000;100000;9463840137;S
20240125;100142;0.024150000;530000;9463840141;B
20240125;100142;0.024150000;1470000;9463840142;B
20240125;100142;0.024130000;2040000;9463840143;S
20240125;100142;0.024130000;1000000;9463840144;S
20240125;100142;0.024125000;1000000;9463840145;S
20240125;100142;0.024125000;11840000;9463840146;S
20240125;100142;0.024125000;12420000;9463840147;S
20240125;100142;0.024125000;15520000;9463840148;S
20240125;100142;0.024120000;6180000;9463840149;S
20240125;100142;0.024125000;1000000;9463840154;S
20240125;100142;0.024125000;11840000;9463840155;S
20240125;100142;0.024120000;2770000;9463840156;S
20240125;100142;0.024120000;220000;9463840157;S
20240125;100142;0.024120000;10000;9463840158;S
20240125;100142;0.024120000;20000000;9463840159;S
20240125;100142;0.024120000;11840000;9463840160;S
20240125;100142;0.024120000;10000;9463840161;S
20240125;100142;0.024120000;1000000;9463840162;S
20240125;100142;0.024120000;70000;9463840163;S
20240125;100142;0.024120000;10000;9463840164;S
20240125;100142;0.024120000;8250000;9463840165;S
20240125;100142;0.024120000;20000;9463840166;S
20240125;100142;0.024120000;6000000;9463840167;S
20240125;100142;0.024120000;4100000;9463840168;S
20240125;100142;0.024115000;100000;9463840169;S
20240125;100142;0.024115000;500000;9463840170;S
20240125;100142;0.024115000;11840000;9463840171;S
20240125;100142;0.024115000;6000000;9463840172;S
20240125;100142;0.024115000;500000;9463840173;S
20240125;100142;0.024115000;1200000;9463840174;S
20240125;100142;0.024115000;1000000;9463840175;S
20240125;100142;0.024110000;10000;9463840176;S
20240125;100142;0.024110000;2000000;9463840177;S
20240125;100142;0.024110000;500000;9463840178;S
20240125;100142;0.024110000;10000;9463840179;S
20240125;100142;0.024110000;10000;9463840180;S
20240125;100142;0.024110000;2220000;9463840181;S
20240125;100142;0.024110000;10000;9463840182;S
20240125;100142;0.024110000;6960000;9463840183;S
20240125;100142;0.024115000;1000000;9463840185;S
20240125;100142;0.024115000;4000000;9463840186;S
20240125;100143;0.024120000;30000;9463840334;S
20240125;100143;0.024115000;11840000;9463840335;S
20240125;100143;0.024115000;1000000;9463840336;S
20240125;100143;0.024115000;12420000;9463840337;S
20240125;100143;0.024115000;20000;9463840338;S
20240125;100143;0.024110000;74690000;9463840339;S
20240125;100143;0.024120000;50000;9463840432;S
20240125;100143;0.024115000;350000;9463840433;S
20240125;100143;0.024130000;10000;9463840462;B
20240125;100144;0.024115000;1000000;9463840539;S
20240125;100144;0.024115000;5990000;9463840540;S
20240125;100144;0.024110000;93010000;9463840541;S
20240125;100144;0.024130000;10000;9463840551;B
20240125;100144;0.024115000;10000;9463840609;S
20240125;100144;0.024110000;1990000;9463840610;S
20240125;100144;0.024120000;30000;9463840650;S
20240125;100144;0.024110000;1970000;9463840651;S
20240125;100144;0.024115000;10000;9463840684;S
20240125;100144;0.024110000;1990000;9463840685;S
20240125;100145;0.024125000;10000;9463840798;B
20240125;100145;0.024125000;10000;9463840816;B
20240125;100145;0.024125000;10000;9463840833;B
20240125;100145;0.024125000;10000;9463840852;B
20240125;100145;0.024125000;10000;9463840874;B
20240125;100146;0.024120000;40000;9463840880;S
20240125;100146;0.024120000;100000;9463840881;S
20240125;100146;0.024115000;10000;9463840882;S
20240125;100146;0.024115000;10000;9463840883;S
20240125;100146;0.024110000;10900000;9463840884;S
20240125;100146;0.024125000;10000;9463840887;B
20240125;100146;0.024125000;10000;9463840892;B
20240125;100146;0.024125000;10000;9463840907;B
20240125;100146;0.024125000;200000;9463840911;B
20240125;100146;0.024125000;10000;9463840928;B
20240125;100146;0.024125000;10000;9463840941;B
20240125;100146;0.024120000;10000;9463840970;B
20240125;100146;0.024120000;10000;9463840988;B
20240125;100146;0.024120000;10000;9463841006;B
20240125;100146;0.024115000;3700000;9463841040;S
20240125;100147;0.024115000;8180000;9463841042;S
20240125;100147;0.024110000;11820000;9463841043;S
20240125;100149;0.024115000;1200000;9463841682;S
20240125;100151;0.024120000;10000;9463842061;B
20240125;100151;0.024120000;40000;9463842242;B
20240125;100152;0.024120000;80000;9463842486;B
20240125;100153;0.024115000;4740000;9463842524;S
20240125;100153;0.024115000;10000;9463842525;S
20240125;100153;0.024115000;1250000;9463842526;S
20240125;100153;0.024115000;10000;9463842777;S
20240125;100156;0.024120000;340000;9463843811;B
20240125;100156;0.024120000;40000;9463843812;B
20240125;100156;0.024125000;290000;9463843813;B
20240125;100157;0.024125000;270000;9463844149;B
20240125;100158;0.024120000;50000;9463844352;S
20240125;100158;0.024120000;2950000;9463844353;S
20240125;100159;0.024120000;20000;9463844770;S
20240125;100159;0.024120000;10000;9463844771;S
20240125;100159;0.024120000;1810000;9463844772;S
20240125;100159;0.024115000;8160000;9463844773;S
20240125;100200;0.024115000;580000;9463845152;S
20240125;100200;0.024115000;10000;9463845153;S
20240125;100200;0.024115000;1480000;9463845154;S
20240125;100200;0.024110000;7930000;9463845155;S
20240125;100201;0.024115000;740000;9463845253;S
20240125;100201;0.024110000;29260000;9463845254;S
20240125;100201;0.024120000;200000;9463845364;B
20240125;100201;0.024120000;50000;9463845365;B
20240125;100201;0.024115000;370000;9463845372;S
20240125;100201;0.024110000;9630000;9463845373;S
20240125;100201;0.024115000;190000;9463845374;S
20240125;100201;0.024110000;1810000;9463845375;S
20240125;100202;0.024120000;400000;9463845501;B
20240125;100202;0.024115000;90000;9463845525;S
20240125;100202;0.024115000;2340000;9463845526;S
20240125;100202;0.024115000;500000;9463845530;S
20240125;100202;0.024120000;550000;9463845630;B
20240125;100202;0.024120000;130000;9463845631;B
20240125;100202;0.024115000;1160000;9463845653;S
20240125;100202;0.024115000;50000;9463845654;S
20240125;100202;0.024110000;8790000;9463845655;S
20240125;100203;0.024120000;370000;9463845784;B
20240125;100203;0.024120000;1000000;9463845785;B
20240125;100203;0.024125000;150000;9463845786;B
20240125;100203;0.024125000;10000;9463845787;B
20240125;100203;0.024125000;4140000;9463845788;B
20240125;100203;0.024125000;3310000;9463845789;B
20240125;100203;0.024115000;50000;9463845816;S
20240125;100203;0.024115000;4000000;9463845817;S
20240125;100203;0.024110000;5950000;9463845818;S
20240125;100203;0.024120000;130000;9463846048;B
20240125;100204;0.024110000;400000;9463846098;S
20240125;100204;0.024110000;10000000;9463846120;S
20240125;100204;0.024120000;30000;9463846226;B
20240125;100204;0.024120000;10000;9463846535;B
20240125;100204;0.024115000;10000000;9463846562;S
20240125;100205;0.024115000;10000000;9463846778;S
20240125;100205;0.024115000;9120000;9463846922;S
20240125;100206;0.024120000;10000;9463846998;B
20240125;100206;0.024120000;40000;9463847039;B
20240125;100206;0.024115000;20880000;9463847073;S
20240125;100206;0.024115000;4000000;9463847074;S
20240125;100206;0.024110000;1000000;9463847075;S
20240125;100206;0.024110000;10000;9463847076;S
20240125;100206;0.024110000;40000;9463847077;S
20240125;100206;0.024110000;100000;9463847078;S
20240125;100206;0.024110000;1000000;9463847079;S
20240125;100206;0.024110000;10000;9463847080;S
20240125;100206;0.024110000;10000;9463847081;S
20240125;100206;0.024110000;20000;9463847082;S
20240125;100206;0.024110000;40000;9463847083;S
20240125;100206;0.024110000;1000000;9463847084;S
20240125;100206;0.024105000;100000;9463847085;S
20240125;100206;0.024105000;500000;9463847086;S
20240125;100206;0.024105000;10000;9463847087;S
20240125;100206;0.024105000;1000000;9463847088;S
20240125;100206;0.024105000;50000;9463847089;S
20240125;100206;0.024105000;100000;9463847090;S
20240125;100206;0.024105000;2000000;9463847091;S
20240125;100206;0.024105000;10000;9463847092;S
20240125;100206;0.024105000;2000000;9463847093;S
20240125;100206;0.024105000;2460000;9463847094;S
20240125;100206;0.024105000;8020000;9463847095;S
20240125;100206;0.024110000;50000;9463847126;B
20240125;100206;0.024105000;300000;9463847258;B
20240125;100206;0.024100000;10000;9463847261;S
20240125;100206;0.024100000;300000;9463847262;S
20240125;100206;0.024100000;1500000;9463847311;S
20240125;100206;0.024100000;10000;9463847318;S
20240125;100207;0.024100000;8190000;9463847340;S
20240125;100207;0.024100000;10000;9463847341;S
20240125;100207;0.024100000;10000;9463847342;S
20240125;100207;0.024100000;10000;9463847343;S
20240125;100207;0.024100000;10000;9463847344;S
20240125;100207;0.024100000;40000;9463847345;S
20240125;100207;0.024100000;10000;9463847346;S
20240125;100207;0.024100000;50000;9463847347;S
20240125;100207;0.024100000;10000;9463847348;S
20240125;100207;0.024100000;500000;9463847349;S
20240125;100207;0.024100000;10000;9463847350;S
20240125;100207;0.024100000;30000;9463847351;S
20240125;100207;0.024100000;50000;9463847352;S
20240125;100207;0.024100000;10000;9463847353;S
20240125;100207;0.024100000;80000;9463847354;S
20240125;100207;0.024100000;10000;9463847355;S
20240125;100207;0.024100000;10000;9463847356;S
20240125;100207;0.024100000;10000;9463847357;S
20240125;100207;0.024100000;2070000;9463847358;S
20240125;100207;0.024100000;200000;9463847359;S
20240125;100207;0.024100000;50000;9463847360;S
20240125;100207;0.024100000;70000;9463847361;S
20240125;100207;0.024100000;30000;9463847362;S
20240125;100207;0.024100000;500000;9463847363;S
20240125;100207;0.024100000;10000;9463847364;S
20240125;100207;0.024100000;500000;9463847365;S
20240125;100207;0.024100000;200000;9463847366;S
20240125;100207;0.024100000;1000000;9463847367;S
20240125;100207;0.024100000;4590000;9463847368;S
20240125;100207;0.024100000;10000;9463847403;S
20240125;100207;0.024100000;400000;9463847436;S
20240125;100207;0.024100000;10000;9463847437;S
20240125;100207;0.024100000;10000;9463847438;S
20240125;100207;0.024100000;10000;9463847439;S
20240125;100207;0.024100000;150000;9463847440;S
20240125;100207;0.024100000;10000;9463847441;S
20240125;100207;0.024100000;300000;9463847442;S
20240125;100207;0.024100000;10000;9463847443;S
20240125;100207;0.024100000;30000;9463847444;S
20240125;100207;0.024100000;70000;9463847445;S
20240125;100207;0.024100000;10000;9463847446;S
20240125;100207;0.024100000;1990000;9463847447;S
20240125;100207;0.024100000;150000;9463847449;S
20240125;100207;0.024105000;10000;9463847456;B
20240125;100207;0.024100000;160000;9463847565;S
20240125;100207;0.024100000;4500000;9463847598;S
20240125;100207;0.024105000;690000;9463847620;B
20240125;100207;0.024105000;4130000;9463847621;B
20240125;100207;0.024105000;180000;9463847622;B
20240125;100207;0.024100000;36000000;9463847623;S
20240125;100207;0.024100000;30000;9463847624;S
20240125;100207;0.024100000;1000000;9463847634;S
20240125;100207;0.024100000;140000;9463847654;S
20240125;100207;0.024100000;6030000;9463847655;S
20240125;100207;0.024100000;340000;9463847656;S
20240125;100208;0.024100000;190000;9463847705;S
20240125;100208;0.024100000;800000;9463847745;S
20240125;100209;0.024100000;100000;9463847940;S
20240125;100209;0.024105000;10000;9463848009;B
20240125;100209;0.024105000;30000;9463848040;B
20240125;100209;0.024100000;100000;9463848067;S
20240125;100209;0.024105000;1020000;9463848090;B
20240125;100209;0.024105000;980000;9463848091;B
20240125;100210;0.024105000;20000;9463848166;B
20240125;100210;0.024105000;30000;9463848167;B
20240125;100210;0.024100000;2470000;9463848300;S
20240125;100210;0.024100000;40000;9463848301;S
20240125;100210;0.024100000;10000;9463848302;S
20240125;100210;0.024100000;10000;9463848303;S
20240125;100210;0.024100000;30000;9463848304;S
20240125;100210;0.024100000;20000;9463848305;S
20240125;100210;0.024100000;10000;9463848306;S
20240125;100210;0.024100000;400000;9463848307;S
20240125;100210;0.024100000;1000000;9463848308;S
20240125;100210;0.024100000;50000;9463848309;S
20240125;100210;0.024100000;20000;9463848310;S
20240125;100210;0.024095000;100000;9463848311;S
20240125;100210;0.024095000;10000;9463848312;S
20240125;100210;0.024095000;300000;9463848313;S
20240125;100210;0.024095000;1800000;9463848314;S
20240125;100210;0.024095000;1000000;9463848315;S
20240125;100210;0.024090000;10000;9463848316;S
20240125;100210;0.024090000;300000;9463848317;S
20240125;100210;0.024090000;10000;9463848318;S
20240125;100210;0.024090000;10000;9463848319;S
20240125;100210;0.024090000;400000;9463848320;S
20240125;100211;0.024090000;600000;9463848401;S
20240125;100211;0.024090000;12430000;9463848402;S
20240125;100211;0.024090000;40000000;9463848403;S
20240125;100211;0.024090000;19970000;9463848404;S
20240125;100211;0.024090000;20030000;9463848414;S
20240125;100211;0.024090000;1000000;9463848415;S
20240125;100211;0.024090000;12450000;9463848416;S
20240125;100211;0.024085000;16520000;9463848417;S
20240125;100211;0.024090000;10000;9463848441;S
20240125;100211;0.024090000;390000;9463848456;S
20240125;100211;0.024085000;60000;9463848457;S
20240125;100211;0.024095000;120000;9463848514;S
20240125;100211;0.024090000;10000;9463848515;S
20240125;100211;0.024085000;570000;9463848516;S
20240125;100212;0.024095000;20000;9463848565;B
20240125;100212;0.024095000;130000;9463848581;B
20240125;100212;0.024095000;450000;9463848587;B
20240125;100212;0.024095000;1000000;9463848588;B
20240125;100212;0.024100000;1000000;9463848589;B
20240125;100212;0.024105000;70000;9463848590;B
20240125;100212;0.024105000;1000000;9463848591;B
20240125;100212;0.024105000;4140000;9463848592;B
20240125;100212;0.024105000;20000;9463848593;B
20240125;100212;0.024105000;6000000;9463848594;B
20240125;100212;0.024105000;14320000;9463848595;B
20240125;100212;0.024100000;1000000;9463848629;B
20240125;100212;0.024105000;1000000;9463848630;B
20240125;100212;0.024095000;1400000;9463848712;S
20240125;100212;0.024090000;1000000;9463848713;S
20240125;100212;0.024085000;2850000;9463848714;S
20240125;100212;0.024085000;2000000;9463848715;S
20240125;100212;0.024085000;1000000;9463848716;S
20240125;100212;0.024085000;1000000;9463848717;S
20240125;100212;0.024085000;4750000;9463848718;S
20240125;100212;0.024085000;20000;9463848736;S
20240125;100212;0.024085000;980000;9463848737;S
20240125;100212;0.024090000;100000;9463848739;B
20240125;100212;0.024100000;900000;9463848740;B
20240125;100213;0.024085000;20000;9463848745;S
20240125;100213;0.024085000;480000;9463848746;S
20240125;100213;0.024090000;1000000;9463848747;S
20240125;100213;0.024085000;730000;9463848748;S
20240125;100213;0.024090000;690000;9463848749;S
20240125;100213;0.024090000;310000;9463848752;S
20240125;100213;0.024085000;400000;9463848753;S
20240125;100213;0.024085000;340000;9463848754;S
20240125;100213;0.024085000;560000;9463848755;S
20240125;100213;0.024085000;1750000;9463848757;S
20240125;100213;0.024085000;420000;9463848758;S
20240125;100213;0.024085000;370000;9463848759;S
20240125;100213;0.024085000;360000;9463848760;S
20240125;100213;0.024100000;100000;9463848761;B
20240125;100213;0.024100000;360000;9463848762;S
20240125;100213;0.024100000;1030000;9463848765;S
20240125;100213;0.024100000;1130000;9463848766;S
20240125;100213;0.024100000;340000;9463848769;S
20240125;100213;0.024100000;1170000;9463848770;S
20240125;100213;0.024100000;530000;9463848771;S
20240125;100213;0.024100000;640000;9463848772;S
20240125;100213;0.024100000;4360000;9463848773;S
20240125;100213;0.024095000;1000000;9463848774;S
20240125;100213;0.024090000;1000000;9463848775;S
20240125;100213;0.024090000;6380000;9463848776;S
20240125;100213;0.024090000;350000;9463848777;S
20240125;100213;0.024090000;9130000;9463848778;S
20240125;100213;0.024090000;660000;9463848779;S
20240125;100213;0.024090000;370000;9463848780;S
20240125;100213;0.024090000;1060000;9463848782;S
20240125;100213;0.024090000;320000;9463848783;S
20240125;100213;0.024090000;400000;9463848784;S
20240125;100213;0.024090000;270000;9463848785;S
20240125;100213;0.024090000;430000;9463848786;S
20240125;100213;0.024090000;1860000;9463848788;S
20240125;100213;0.024090000;340000;9463848789;S
20240125;100213;0.024090000;810000;9463848790;S
20240125;100213;0.024090000;700000;9463848791;S
20240125;100213;0.024085000;240000;9463848936;S
20240125;100213;0.024080000;1000000;9463848940;S
20240125;100214;0.024085000;50000;9463849074;B
20240125;100214;0.024080000;45090000;9463849084;S
20240125;100214;0.024080000;30000;9463849085;S
20240125;100214;0.024080000;100000;9463849086;S
20240125;100214;0.024080000;10000;9463849087;S
20240125;100214;0.024080000;10000;9463849088;S
20240125;100214;0.024080000;10000;9463849089;S
20240125;100214;0.024080000;6000000;9463849090;S
20240125;100214;0.024080000;11840000;9463849091;S
20240125;100214;0.024080000;70000;9463849092;S
20240125;100214;0.024080000;23100000;9463849093;S
20240125;100214;0.024080000;12450000;9463849094;S
20240125;100214;0.024075000;200000;9463849095;S
20240125;100214;0.024075000;26090000;9463849096;S
20240125;100215;0.024080000;2500000;9463849265;S
20240125;100215;0.024080000;100000;9463849300;S
20240125;100215;0.024080000;400000;9463849362;S
20240125;100215;0.024080000;7000000;9463849373;S
20240125;100215;0.024080000;100000;9463849374;S
20240125;100215;0.024075000;19960000;9463849375;S
20240125;100215;0.024075000;10000;9463849376;S
20240125;100215;0.024075000;10000;9463849377;S
20240125;100215;0.024075000;60000;9463849378;S
20240125;100215;0.024075000;100000;9463849379;S
20240125;100215;0.024075000;10000;9463849380;S
20240125;100215;0.024075000;2000000;9463849381;S
20240125;100215;0.024075000;11840000;9463849382;S
20240125;100215;0.024075000;7500000;9463849383;S
20240125;100215;0.024075000;10000;9463849384;S
20240125;100215;0.024075000;10000;9463849385;S
20240125;100215;0.024070000;200000;9463849386;S
20240125;100215;0.024070000;10000;9463849387;S
20240125;100215;0.024070000;10000;9463849388;S
20240125;100215;0.024070000;10000;9463849389;S
20240125;100215;0.024070000;6000000;9463849390;S
20240125;100215;0.024070000;11840000;9463849391;S
20240125;100215;0.024070000;1000000;9463849392;S
20240125;100215;0.024070000;10000;9463849393;S
20240125;100215;0.024070000;12000000;9463849394;S
20240125;100215;0.024065000;100000;9463849395;S
20240125;100215;0.024065000;6000000;9463849396;S
20240125;100215;0.024065000;4220000;9463849397;S
20240125;100215;0.024070000;11840000;9463849400;S
20240125;100215;0.024070000;7500000;9463849401;S
20240125;100215;0.024065000;660000;9463849402;S
20240125;100216;0.024065000;2500000;9463849496;S
20240125;100216;0.024070000;100000;9463849608;S
20240125;100216;0.024070000;150000;9463849942;S
20240125;100216;0.024065000;30000;9463849943;S
20240125;100217;0.024080000;200000;9463850308;B
20240125;100217;0.024080000;800000;9463850459;B
20240125;100218;0.024085000;50000;9463850748;B
20240125;100218;0.024080000;100000;9463850797;S
20240125;100218;0.024080000;1910000;9463850798;S
20240125;100219;0.024085000;280000;9463850914;B
20240125;100219;0.024085000;1000000;9463850915;B
20240125;100219;0.024085000;820000;9463850916;B
20240125;100219;0.024080000;680000;9463851032;B
20240125;100219;0.024075000;1000000;9463851209;S
20240125;100219;0.024090000;200000;9463851222;B
20240125;100220;0.024090000;30000;9463851472;B
20240125;100221;0.024090000;770000;9463851789;B
20240125;100221;0.024095000;100000;9463851790;B
20240125;100221;0.024095000;1000000;9463851791;B
20240125;100221;0.024095000;1500000;9463851792;B
20240125;100221;0.024095000;4000000;9463851804;B
20240125;100221;0.024095000;120000;9463851832;B
20240125;100221;0.024095000;100000;9463851918;S
20240125;100221;0.024105000;10000;9463851970;B
20240125;100221;0.024105000;100000;9463851972;B
20240125;100221;0.024105000;10000;9463852003;B
20240125;100222;0.024105000;10000;9463852059;B
20240125;100222;0.024105000;10000;9463852109;B
20240125;100222;0.024105000;10000;9463852140;B
20240125;100222;0.024105000;10000;9463852182;B
20240125;100222;0.024105000;10000;9463852220;B
20240125;100222;0.024105000;10000;9463852259;B
20240125;100223;0.024105000;10000;9463852287;B
20240125;100223;0.024105000;10000;9463852323;B
20240125;100223;0.024105000;500000;9463852397;B
20240125;100224;0.024105000;100000;9463852467;B
20240125;100224;0.024105000;200000;9463852483;B
20240125;100224;0.024105000;3750000;9463852484;B
20240125;100224;0.024105000;410000;9463852561;B
20240125;100225;0.024105000;20000;9463852782;B
20240125;100225;0.024105000;10000;9463852814;B
20240125;100225;0.024105000;11810000;9463852829;B
20240125;100226;0.024105000;8190000;9463852878;S
20240125;100226;0.024105000;1000000;9463852879;S
20240125;100226;0.024100000;500000;9463852880;S
20240125;100226;0.024100000;2250000;9463852881;S
20240125;100226;0.024100000;1000000;9463852882;S
20240125;100226;0.024100000;1000000;9463852883;S
20240125;100226;0.024095000;8340000;9463852884;S
20240125;100226;0.024095000;1000000;9463852885;S
20240125;100226;0.024090000;1000000;9463852886;S
20240125;100226;0.024090000;8910000;9463852887;S
20240125;100226;0.024090000;12420000;9463852888;S
20240125;100226;0.024090000;4140000;9463852889;S
20240125;100226;0.024090000;6000000;9463852890;S
20240125;100226;0.024085000;1000000;9463852891;S
20240125;100226;0.024085000;6000000;9463852892;S
20240125;100226;0.024085000;40000000;9463852893;S
20240125;100226;0.024080000;1000000;9463852894;S
20240125;100226;0.024080000;6000000;9463852895;S
20240125;100226;0.024080000;20000;9463852896;S
20240125;100226;0.024080000;200000;9463852897;S
20240125;100226;0.024075000;1000000;9463852898;S
20240125;100226;0.024075000;6000000;9463852899;S
20240125;100226;0.024075000;7400000;9463852900;S
20240125;100226;0.024105000;1000000;9463852913;B
20240125;100226;0.024105000;1000000;9463852914;B
20240125;100228;0.024100000;1000000;9463853379;S
20240125;100228;0.024095000;3960000;9463853380;S
20240125;100228;0.024090000;5040000;9463853381;S
20240125;100229;0.024100000;10000;9463853491;S
20240125;100229;0.024100000;2860000;9463853553;S
20240125;100229;0.024090000;7380000;9463853554;S
20240125;100229;0.024090000;1000000;9463853555;S
20240125;100229;0.024085000;4140000;9463853556;S
20240125;100229;0.024085000;34620000;9463853557;S
20240125;100230;0.024080000;10000;9463853723;S
20240125;100231;0.024090000;10000;9463853986;S
20240125;100231;0.024090000;10000;9463854024;S
20240125;100231;0.024090000;150000;9463854161;S
20240125;100231;0.024080000;990000;9463854162;S
20240125;100231;0.024075000;4140000;9463854163;S
20240125;100231;0.024075000;12420000;9463854164;S
20240125;100231;0.024070000;10000;9463854165;S
20240125;100231;0.024070000;30000;9463854166;S
20240125;100231;0.024070000;6000000;9463854167;S
20240125;100231;0.024070000;5400000;9463854168;S
20240125;100231;0.024070000;30000;9463854169;S
20240125;100231;0.024070000;1080000;9463854170;S
20240125;100231;0.024070000;1000000;9463854171;S
20240125;100231;0.024070000;2000000;9463854172;S
20240125;100231;0.024065000;10000;9463854173;S
20240125;100231;0.024065000;100000;9463854174;S
20240125;100231;0.024065000;6000000;9463854175;S
20240125;100231;0.024065000;10000;9463854176;S
20240125;100231;0.024065000;20000;9463854177;S
20240125;100231;0.024065000;10000;9463854178;S
20240125;100231;0.024065000;11840000;9463854179;S
20240125;100231;0.024065000;20000;9463854180;S
20240125;100231;0.024065000;2000000;9463854181;S
20240125;100231;0.024060000;20000000;9463854182;S
20240125;100231;0.024060000;10000;9463854183;S
20240125;100231;0.024060000;100000;9463854184;S
20240125;100231;0.024060000;50000;9463854185;S
20240125;100231;0.024060000;10000;9463854186;S
20240125;100231;0.024060000;6000000;9463854187;S
20240125;100231;0.024060000;10010000;9463854188;S
20240125;100232;0.024075000;10000;9463854201;S
20240125;100232;0.024080000;10000;9463854334;S
20240125;100232;0.024065000;5700000;9463854335;S
20240125;100232;0.024060000;70000;9463854336;S
20240125;100232;0.024060000;7500000;9463854337;S
20240125;100232;0.024060000;4140000;9463854338;S
20240125;100232;0.024060000;12420000;9463854339;S
20240125;100232;0.024060000;160000;9463854340;S
20240125;100233;0.024070000;10000;9463854454;S
20240125;100233;0.024075000;1000000;9463854639;B
20240125;100233;0.024070000;10000;9463854689;S
20240125;100234;0.024085000;10000;9463854770;B
20240125;100234;0.024085000;600000;9463854819;B
20240125;100234;0.024085000;200000;9463854834;B
20240125;100234;0.024070000;10000;9463854867;S
20240125;100234;0.024085000;190000;9463854878;B
20240125;100234;0.024085000;4810000;9463854879;B
20240125;100235;0.024085000;100000;9463855046;B
20240125;100235;0.024080000;10000;9463855128;S
20240125;100236;0.024085000;10000;9463855182;B
20240125;100236;0.024085000;1080000;9463855186;B
20240125;100236;0.024085000;20000;9463855187;B
20240125;100236;0.024085000;900000;9463855188;B
20240125;100236;0.024090000;10000;9463855203;B
20240125;100237;0.024085000;200000;9463855767;S
20240125;100237;0.024085000;2000000;9463855769;S
20240125;100238;0.024090000;10000;9463855829;B
20240125;100238;0.024085000;30000;9463855852;S
20240125;100238;0.024090000;900000;9463856024;B
20240125;100238;0.024085000;100000;9463856032;S
20240125;100239;0.024090000;2000000;9463856099;B
20240125;100239;0.024090000;1000000;9463856136;B
20240125;100240;0.024085000;90000;9463856374;S
20240125;100241;0.024085000;10000;9463856493;B
20240125;100241;0.024080000;10000;9463856615;S
20240125;100241;0.024085000;1000000;9463856665;B
20240125;100241;0.024085000;4000000;9463856666;B
20240125;100242;0.024085000;2000000;9463856790;B
20240125;100242;0.024085000;1000000;9463856791;B
20240125;100242;0.024085000;6000000;9463856792;S
20240125;100242;0.024085000;10000;9463856854;S
20240125;100242;0.024085000;990000;9463856869;S
20240125;100242;0.024080000;390000;9463856870;S
20240125;100242;0.024080000;1000000;9463856871;S
20240125;100242;0.024080000;50000;9463856872;S
20240125;100242;0.024075000;1000000;9463856873;S
20240125;100242;0.024070000;1000000;9463856874;S
20240125;100242;0.024070000;20000;9463856875;S
20240125;100242;0.024065000;10000;9463856876;S
20240125;100242;0.024065000;1000000;9463856877;S
20240125;100242;0.024065000;1000000;9463856878;S
20240125;100242;0.024065000;830000;9463856879;S
20240125;100242;0.024065000;12420000;9463856880;S
20240125;100242;0.024065000;290000;9463856881;S
20240125;100243;0.024070000;10000;9463857179;S
20240125;100243;0.024065000;100000;9463857180;S
20240125;100243;0.024065000;12420000;9463857181;S
20240125;100243;0.024065000;4140000;9463857182;S
20240125;100243;0.024060000;10000;9463857183;S
20240125;100243;0.024060000;10000;9463857184;S
20240125;100243;0.024060000;6000000;9463857185;S
20240125;100243;0.024060000;12450000;9463857186;S
20240125;100243;0.024060000;20000;9463857187;S
20240125;100243;0.024060000;13380000;9463857188;S
20240125;100243;0.024055000;100000;9463857189;S
20240125;100243;0.024055000;100000;9463857190;S
20240125;100243;0.024055000;10000;9463857191;S
20240125;100243;0.024055000;10000;9463857192;S
20240125;100243;0.024055000;2000000;9463857193;S
20240125;100243;0.024055000;1000000;9463857194;S
20240125;100243;0.024055000;6000000;9463857195;S
20240125;100243;0.024055000;11840000;9463857196;S
20240125;100243;0.024055000;15000000;9463857197;S
20240125;100243;0.024055000;7500000;9463857198;S
20240125;100243;0.024055000;10000000;9463857199;S
20240125;100243;0.024050000;50000;9463857200;S
20240125;100243;0.024050000;200000;9463857201;S
20240125;100243;0.024050000;30000;9463857202;S
20240125;100243;0.024050000;50000;9463857203;S
20240125;100243;0.024050000;100000;9463857204;S
20240125;100243;0.024050000;100000;9463857205;S
20240125;100243;0.024050000;50000;9463857206;S
20240125;100243;0.024050000;10000;9463857207;S
20240125;100243;0.024050000;50000;9463857208;S
20240125;100243;0.024050000;500000;9463857209;S
20240125;100243;0.024050000;9080000;9463857210;S
20240125;100243;0.024050000;800000;9463857211;S
20240125;100243;0.024050000;2100000;9463857212;S
20240125;100243;0.024050000;10000;9463857213;S
20240125;100243;0.024050000;500000;9463857214;S
20240125;100243;0.024050000;10000;9463857215;S
20240125;100243;0.024050000;11840000;9463857216;S
20240125;100243;0.024050000;30000;9463857217;S
20240125;100243;0.024050000;20000;9463857218;S
20240125;100243;0.024050000;4130000;9463857219;S
20240125;100243;0.024050000;520000;9463857220;S
20240125;100243;0.024050000;5700000;9463857221;S
20240125;100243;0.024050000;6000000;9463857222;S
20240125;100243;0.024050000;10000;9463857223;S
20240125;100243;0.024050000;20000000;9463857224;S
20240125;100243;0.024045000;10000;9463857225;S
20240125;100243;0.024045000;10000;9463857226;S
20240125;100243;0.024045000;100000;9463857227;S
20240125;100243;0.024045000;5000000;9463857228;S
20240125;100243;0.024045000;3000000;9463857229;S
20240125;100243;0.024045000;5000000;9463857230;S
20240125;100243;0.024045000;4000000;9463857231;S
20240125;100243;0.024045000;1000000;9463857232;S
20240125;100243;0.024045000;10000000;9463857233;S
20240125;100243;0.024045000;6000000;9463857234;S
20240125;100243;0.024045000;11840000;9463857235;S
20240125;100243;0.024045000;100000;9463857236;S
20240125;100243;0.024040000;1000000;9463857237;S
20240125;100243;0.024040000;60000;9463857238;S
20240125;100243;0.024040000;2000000;9463857239;S
20240125;100243;0.024040000;10390000;9463857240;S
20240125;100243;0.024040000;150000;9463857241;S
20240125;100243;0.024040000;10000;9463857242;S
20240125;100243;0.024040000;4000000;9463857243;S
20240125;100243;0.024040000;6000000;9463857244;S
20240125;100243;0.024040000;70000;9463857245;S
20240125;100243;0.024040000;11840000;9463857246;S
20240125;100243;0.024040000;10000;9463857247;S
20240125;100243;0.024040000;20000;9463857248;S
20240125;100243;0.024040000;23420000;9463857249;S
20240125;100243;0.024080000;1000000;9463857272;B
20240125;100243;0.024080000;6000000;9463857273;B
20240125;100243;0.024080000;2470000;9463857274;B
20240125;100243;0.024080000;1000000;9463857368;B
20240125;100243;0.024080000;40000;9463857395;B
20240125;100243;0.024070000;10000;9463857429;S
20240125;100243;0.024070000;50000;9463857450;B
20240125;100243;0.024070000;50000;9463857465;B
20240125;100243;0.024060000;5000000;9463857467;S
20240125;100243;0.024055000;420000;9463857469;S
20240125;100244;0.024065000;10000;9463857557;B
20240125;100244;0.024060000;40000;9463857652;B
20240125;100244;0.024060000;10000;9463857658;B
20240125;100245;0.024060000;500000;9463857843;B
20240125;100245;0.024055000;10000;9463857867;S
20240125;100245;0.024055000;40000;9463857868;S
20240125;100245;0.024050000;5000000;9463857869;S
20240125;100245;0.024055000;100000;9463857894;B
20240125;100245;0.024055000;2350000;9463857913;B
20240125;100245;0.024055000;5000000;9463857914;B
20240125;100245;0.024055000;2650000;9463857915;B
20240125;100245;0.024050000;200000;9463857919;S
20240125;100245;0.024055000;10000;9463857940;B
20240125;100245;0.024050000;1400000;9463858016;S
20240125;100245;0.024055000;10000;9463858019;B
20240125;100246;0.024055000;1000000;9463858030;B
20240125;100246;0.024055000;10000;9463858066;B
20240125;100246;0.024050000;3400000;9463858110;S
20240125;100246;0.024055000;10000;9463858124;B
20240125;100246;0.024055000;2000000;9463858142;B
20240125;100246;0.024055000;100000;9463858143;B
20240125;100246;0.024055000;10000;9463858185;B
20240125;100246;0.024055000;20000;9463858186;B
20240125;100247;0.024050000;120000;9463858322;S
20240125;100248;0.024055000;10000;9463858399;B
20240125;100248;0.024055000;10000;9463858481;B
20240125;100248;0.024050000;100000;9463858540;S
20240125;100249;0.024055000;10000;9463858671;B
20240125;100249;0.024055000;150000;9463858761;B
20240125;100250;0.024055000;1000000;9463858802;B
20240125;100251;0.024055000;1500000;9463858958;B
20240125;100251;0.024055000;1060000;9463858959;B
20240125;100251;0.024055000;4940000;9463858985;B
20240125;100251;0.024055000;5060000;9463858986;S
20240125;100251;0.024060000;80000;9463859042;B
20240125;100251;0.024060000;770000;9463859080;B
20240125;100253;0.024055000;10000;9463859437;S
20240125;100254;0.024055000;190000;9463859662;S
20240125;100254;0.024060000;120000;9463859706;B
20240125;100254;0.024060000;20000;9463859724;B
20240125;100255;0.024055000;1650000;9463859740;S
20240125;100255;0.024055000;1350000;9463859741;S
20240125;100255;0.024055000;3650000;9463859742;S
20240125;100255;0.024055000;1410000;9463859743;S
20240125;100255;0.024055000;10640000;9463859744;S
20240125;100255;0.024055000;5000000;9463859745;S
20240125;100255;0.024060000;1510000;9463859784;B
20240125;100255;0.024060000;490000;9463859785;B
20240125;100255;0.024060000;310000;9463859849;B
20240125;100255;0.024060000;190000;9463859850;B
20240125;100256;0.024055000;70000;9463859957;S
20240125;100257;0.024060000;160000;9463860490;B
20240125;100257;0.024060000;10000;9463860513;B
20240125;100258;0.024055000;500000;9463860626;S
20240125;100258;0.024055000;5000000;9463860743;S
20240125;100259;0.024060000;50000;9463860868;B
20240125;100259;0.024060000;10000;9463860910;B
20240125;100259;0.024055000;3170000;9463860912;S
20240125;100259;0.024055000;4700000;9463860925;S
20240125;100300;0.024060000;1000000;9463861043;B
20240125;100300;0.024055000;6810000;9463861170;S
20240125;100300;0.024060000;10000;9463861172;B
20240125;100301;0.024060000;10000;9463861269;B
20240125;100301;0.024055000;1000000;9463861296;S
20240125;100301;0.024055000;400000;9463861299;S
20240125;100302;0.024060000;10000;9463861373;B
20240125;100302;0.024060000;3550000;9463861475;B
20240125;100302;0.024060000;6000000;9463861476;B
20240125;100302;0.024060000;450000;9463861477;B
20240125;100302;0.024060000;80000;9463861501;B
20240125;100302;0.024055000;60000;9463861521;S
20240125;100303;0.024060000;50000;9463861590;B
20240125;100303;0.024060000;420000;9463861594;B
20240125;100303;0.024060000;4140000;9463861595;B
20240125;100303;0.024060000;5440000;9463861596;B
20240125;100303;0.024060000;10000;9463861600;B
20240125;100303;0.024060000;100000;9463861643;B
20240125;100304;0.024060000;10000;9463861836;B
20240125;100305;0.024060000;440000;9463861932;B
20240125;100305;0.024060000;60000;9463861933;B
20240125;100305;0.024055000;6000000;9463861949;S
20240125;100305;0.024055000;6000000;9463861950;S
20240125;100305;0.024055000;650000;9463861951;S
20240125;100305;0.024055000;100000;9463861952;S
20240125;100305;0.024055000;1000000;9463861953;S
20240125;100305;0.024055000;50000;9463861954;S
20240125;100305;0.024055000;130000;9463861955;S
20240125;100305;0.024055000;50000;9463861956;S
20240125;100305;0.024055000;100000;9463861957;S
20240125;100305;0.024050000;3000000;9463861973;S
20240125;100305;0.024055000;10000;9463861978;B
20240125;100305;0.024055000;2000000;9463862067;B
20240125;100305;0.024055000;410000;9463862084;B
20240125;100305;0.024055000;1000000;9463862111;B
20240125;100306;0.024050000;14000000;9463862156;S
20240125;100306;0.024055000;50000;9463862265;B
20240125;100307;0.024055000;50000;9463862364;B
20240125;100307;0.024055000;500000;9463862402;B
20240125;100307;0.024055000;150000;9463862410;B
20240125;100307;0.024055000;250000;9463862414;B
20240125;100307;0.024055000;420000;9463862415;B
20240125;100307;0.024055000;5000000;9463862416;B
20240125;100307;0.024060000;260000;9463862417;B
20240125;100308;0.024060000;50000;9463862521;B
20240125;100308;0.024060000;40000;9463862623;B
20240125;100308;0.024060000;20000;9463862633;B
20240125;100309;0.024060000;200000;9463862890;B
20240125;100309;0.024055000;4330000;9463862971;S
20240125;100309;0.024055000;50000;9463862972;S
20240125;100309;0.024055000;100000;9463862973;S
20240125;100309;0.024055000;100000;9463862974;S
20240125;100309;0.024055000;610000;9463863112;B
20240125;100310;0.024055000;10000;9463863294;B
20240125;100310;0.024055000;990000;9463863304;B
20240125;100310;0.024060000;10000;9463863305;B
20240125;100310;0.024055000;30000;9463863329;B
20240125;100310;0.024055000;100000;9463863420;B
20240125;100311;0.024055000;10000;9463863541;B
20240125;100311;0.024055000;860000;9463863579;B
20240125;100311;0.024060000;600000;9463863652;B
20240125;100311;0.024055000;140000;9463863666;S
20240125;100311;0.024055000;10000;9463863667;S
20240125;100311;0.024055000;10000;9463863668;S
20240125;100311;0.024050000;660000;9463863669;S
20240125;100311;0.024055000;1000000;9463863688;B
20240125;100312;0.024060000;3000000;9463863961;B
20240125;100313;0.024055000;20000;9463864010;S
20240125;100313;0.024055000;1980000;9463864041;S
20240125;100313;0.024055000;10000;9463864042;S
20240125;100313;0.024050000;3010000;9463864043;S
20240125;100314;0.024055000;20000;9463864151;B
20240125;100314;0.024055000;50000;9463864238;B
20240125;100314;0.024055000;40000;9463864260;B
20240125;100314;0.024055000;890000;9463864330;B
20240125;100314;0.024055000;9110000;9463864331;B
20240125;100314;0.024050000;10000;9463864373;S
20240125;100315;0.024050000;50000;9463864415;S
20240125;100315;0.024050000;100000;9463864479;S
20240125;100317;0.024060000;100000;9463864868;B
20240125;100317;0.024055000;50000;9463864911;S
20240125;100318;0.024055000;10000;9463864995;B
20240125;100318;0.024055000;410000;9463865008;B
20240125;100318;0.024055000;1770000;9463865035;B
20240125;100318;0.024055000;100000;9463865171;B
20240125;100319;0.024055000;2000000;9463865233;B
20240125;100319;0.024050000;550000;9463865255;S
20240125;100319;0.024050000;10000;9463865256;S
20240125;100319;0.024050000;2000000;9463865257;S
20240125;100319;0.024050000;10000;9463865258;S
20240125;100319;0.024050000;430000;9463865259;S
20240125;100319;0.024050000;4570000;9463865260;S
20240125;100319;0.024050000;10000;9463865261;S
20240125;100319;0.024050000;420000;9463865262;S
20240125;100319;0.024050000;580000;9463865263;S
20240125;100319;0.024050000;3720000;9463865264;S
20240125;100319;0.024050000;1280000;9463865265;S
20240125;100319;0.024050000;10000;9463865266;S
20240125;100319;0.024050000;10000;9463865267;S
20240125;100319;0.024050000;10000;9463865268;S
20240125;100319;0.024050000;20000;9463865269;S
20240125;100319;0.024050000;80000;9463865270;S
20240125;100319;0.024050000;1090000;9463865271;S
20240125;100319;0.024055000;30000;9463865275;B
20240125;100319;0.024055000;2000000;9463865349;B
20240125;100320;0.024055000;10000000;9463865448;B
20240125;100320;0.024050000;6000000;9463865450;S
20240125;100320;0.024055000;450000;9463865474;B
20240125;100320;0.024055000;10000;9463865491;B
20240125;100320;0.024055000;5000000;9463865500;B
20240125;100320;0.024050000;190000;9463865519;S
20240125;100321;0.024050000;1690000;9463865594;S
20240125;100321;0.024055000;3000000;9463865621;B
20240125;100321;0.024055000;200000;9463865644;B
20240125;100321;0.024055000;10000000;9463865728;B
20240125;100322;0.024050000;1030000;9463865842;S
20240125;100322;0.024050000;1000000;9463865843;S
20240125;100322;0.024050000;1000000;9463865844;S
20240125;100322;0.024050000;5000000;9463865845;S
20240125;100322;0.024050000;3330000;9463865846;S
20240125;100322;0.024045000;150000;9463865847;S
20240125;100322;0.024045000;10000;9463865848;S
20240125;100322;0.024045000;50000;9463865849;S
20240125;100322;0.024045000;500000;9463865871;B
20240125;100323;0.024040000;100000;9463865883;S
20240125;100323;0.024040000;30000;9463865884;S
20240125;100323;0.024040000;520000;9463865885;S
20240125;100323;0.024040000;10000;9463865886;S
20240125;100323;0.024040000;10000;9463865887;S
20240125;100323;0.024040000;20000;9463865888;S
20240125;100323;0.024040000;50000;9463865889;S
20240125;100323;0.024040000;2000000;9463865890;S
20240125;100323;0.024040000;50000;9463865891;S
20240125;100323;0.024040000;80000;9463865892;S
20240125;100323;0.024040000;1000000;9463865893;S
20240125;100323;0.024040000;10000;9463865936;B
20240125;100323;0.024035000;200000;9463866001;S
20240125;100323;0.024035000;10000;9463866002;S
20240125;100323;0.024035000;10000;9463866003;S
20240125;100323;0.024035000;500000;9463866004;S
20240125;100323;0.024035000;110000;9463866005;S
20240125;100323;0.024035000;100000;9463866006;S
20240125;100323;0.024035000;2500000;9463866007;S
20240125;100323;0.024035000;170000;9463866008;S
20240125;100323;0.024040000;410000;9463866105;B
20240125;100323;0.024050000;3640000;9463866106;B
20240125;100323;0.024050000;6000000;9463866107;B
20240125;100323;0.024050000;1000000;9463866108;B
20240125;100323;0.024050000;8150000;9463866109;B
20240125;100323;0.024050000;31040000;9463866110;B
20240125;100323;0.024055000;390000;9463866111;B
20240125;100324;0.024050000;100000;9463866127;B
20240125;100324;0.024040000;40000;9463866171;S
20240125;100324;0.024040000;960000;9463866189;S
20240125;100324;0.024035000;40000;9463866190;S
20240125;100324;0.024050000;10000;9463866192;B
20240125;100325;0.024050000;50000;9463866339;B
20240125;100325;0.024050000;840000;9463866354;B
20240125;100325;0.024050000;500000;9463866355;B
20240125;100325;0.024055000;660000;9463866356;B
20240125;100325;0.024050000;1000000;9463866377;B
20240125;100325;0.024055000;4460000;9463866378;B
20240125;100325;0.024050000;100000;9463866380;B
20240125;100328;0.024045000;50000;9463866760;S
20240125;100328;0.024040000;1000000;9463866761;S
20240125;100328;0.024035000;4790000;9463866762;S
20240125;100328;0.024035000;500000;9463866763;S
20240125;100328;0.024035000;1000000;9463866764;S
20240125;100328;0.024035000;10000;9463866765;S
20240125;100328;0.024035000;100000;9463866766;S
20240125;100328;0.024035000;4140000;9463866767;S
20240125;100328;0.024035000;12420000;9463866768;S
20240125;100328;0.024035000;18550000;9463866769;S
20240125;100328;0.024050000;10000;9463866802;B
20240125;100328;0.024050000;30000;9463866836;B
20240125;100329;0.024050000;860000;9463866880;B
20240125;100329;0.024050000;4140000;9463866881;B
20240125;100329;0.024050000;10000;9463866899;B
20240125;100329;0.024050000;10000;9463866910;B
20240125;100329;0.024050000;70000;9463866919;B
20240125;100329;0.024050000;20000;9463866923;B
20240125;100329;0.024040000;50000;9463866957;S
20240125;100329;0.024040000;180000;9463866996;S
20240125;100329;0.024050000;100000;9463867015;B
20240125;100330;0.024040000;100000;9463867046;S
20240125;100330;0.024050000;50000;9463867095;B
20240125;100330;0.024055000;30000;9463867096;B
20240125;100331;0.024055000;2000000;9463867156;B
20240125;100331;0.024050000;20000;9463867206;B
20240125;100331;0.024050000;100000;9463867231;B
20240125;100332;0.024050000;70000;9463867268;B
20240125;100332;0.024050000;10000;9463867289;B
20240125;100332;0.024050000;20000;9463867426;B
20240125;100332;0.024050000;10000;9463867428;B
20240125;100333;0.024045000;30000;9463867647;S
20240125;100333;0.024045000;10000;9463867651;S
20240125;100333;0.024045000;10000;9463867657;S
20240125;100335;0.024050000;10000;9463867897;B
20240125;100335;0.024050000;30000;9463868010;B
20240125;100336;0.024050000;100000;9463868108;B
20240125;100337;0.024050000;410000;9463868156;B
20240125;100337;0.024050000;240000;9463868224;B
20240125;100337;0.024050000;140000;9463868225;B
20240125;100337;0.024050000;4620000;9463868226;B
20240125;100337;0.024050000;10000000;9463868304;B
20240125;100337;0.024050000;10000;9463868318;B
20240125;100338;0.024050000;1000000;9463868354;B
20240125;100338;0.024050000;3060000;9463868495;B
20240125;100339;0.024050000;300000;9463868499;B
20240125;100339;0.024050000;100000;9463868500;B
20240125;100339;0.024045000;10000;9463868528;S
20240125;100339;0.024045000;10000;9463868529;S
20240125;100339;0.024045000;40000;9463868530;S
20240125;100339;0.024050000;500000;9463868575;B
20240125;100340;0.024050000;10000;9463868802;B
20240125;100340;0.024050000;1000000;9463868811;B
20240125;100341;0.024050000;50000;9463868885;B
20240125;100341;0.024050000;10000;9463869002;B
20240125;100342;0.024050000;1000000;9463869040;B
20240125;100342;0.024050000;200000;9463869085;B
20240125;100342;0.024050000;500000;9463869091;B
20240125;100342;0.024050000;10000;9463869174;B
20240125;100343;0.024050000;410000;9463869353;B
20240125;100343;0.024045000;10000;9463869364;S
20240125;100343;0.024045000;2500000;9463869365;S
20240125;100343;0.024045000;1000000;9463869366;S
20240125;100343;0.024040000;10000;9463869367;S
20240125;100343;0.024040000;10000;9463869368;S
20240125;100343;0.024040000;4000000;9463869369;S
20240125;100343;0.024040000;9000000;9463869370;S
20240125;100343;0.024040000;1000000;9463869371;S
20240125;100343;0.024040000;500000;9463869372;S
20240125;100343;0.024040000;1000000;9463869373;S
20240125;100343;0.024035000;10970000;9463869374;S
20240125;100344;0.024045000;260000;9463869400;B
20240125;100344;0.024035000;200000;9463869401;S
20240125;100344;0.024035000;10000;9463869402;S
20240125;100344;0.024035000;50000;9463869403;S
20240125;100344;0.024035000;2260000;9463869404;S
20240125;100344;0.024050000;10000;9463869414;B
20240125;100344;0.024050000;500000;9463869429;B
20240125;100345;0.024050000;10000;9463869594;B
20240125;100345;0.024050000;5000000;9463869608;B
20240125;100345;0.024040000;10000;9463869609;S
20240125;100346;0.024050000;10000;9463869677;B
20240125;100346;0.024050000;10000;9463869679;B
20240125;100346;0.024050000;1000000;9463869680;B
20240125;100347;0.024045000;4140000;9463869915;S
20240125;100347;0.024045000;5860000;9463869916;S
20240125;100347;0.024050000;570000;9463869919;B
20240125;100347;0.024050000;1100000;9463870009;B
20240125;100348;0.024045000;100000;9463870096;S
20240125;100348;0.024050000;10000000;9463870126;B
20240125;100349;0.024050000;59010000;9463870282;B
20240125;100349;0.024050000;1000000;9463870283;B
20240125;100349;0.024050000;50000;9463870284;B
20240125;100349;0.024055000;19940000;9463870285;B
20240125;100350;0.024055000;50000;9463870441;B
20240125;100350;0.024055000;37440000;9463870455;B
20240125;100350;0.024055000;1000000;9463870456;B
20240125;100350;0.024060000;11560000;9463870457;B
20240125;100351;0.024060000;10000;9463870635;B
20240125;100351;0.024060000;5000000;9463870700;B
20240125;100352;0.024060000;1900000;9463870879;B
20240125;100352;0.024055000;50000;9463870948;S
20240125;100352;0.024050000;700000;9463870949;S
20240125;100353;0.024060000;50000;9463871051;B
20240125;100353;0.024055000;400000;9463871090;S
20240125;100353;0.024060000;77140000;9463871111;B
20240125;100353;0.024060000;1000000;9463871112;B
20240125;100353;0.024065000;6000000;9463871113;B
20240125;100353;0.024065000;1000000;9463871114;B
20240125;100353;0.024065000;11840000;9463871115;B
20240125;100353;0.024070000;1000000;9463871116;B
20240125;100353;0.024070000;2020000;9463871117;B
20240125;100353;0.024070000;100000;9463871169;B
20240125;100353;0.024070000;11840000;9463871170;B
20240125;100353;0.024070000;100000;9463871171;B
20240125;100353;0.024070000;7960000;9463871172;B
20240125;100353;0.024070000;4510000;9463871186;B
20240125;100353;0.024070000;490000;9463871187;B
20240125;100354;0.024070000;420000;9463871219;B
20240125;100354;0.024065000;10000;9463871330;S
20240125;100354;0.024065000;20000;9463871333;S
20240125;100354;0.024065000;20000;9463871355;S
20240125;100354;0.024065000;80000;9463871356;S
20240125;100355;0.024070000;1000000;9463871519;B
20240125;100356;0.024070000;100000;9463871537;B
20240125;100356;0.024070000;10000000;9463871563;B
20240125;100356;0.024070000;10000;9463871602;B
20240125;100356;0.024070000;1000000;9463871620;B
20240125;100357;0.024075000;800000;9463871642;B
20240125;100357;0.024080000;100000;9463871643;B
20240125;100357;0.024080000;10000;9463871644;B
20240125;100357;0.024080000;40000;9463871754;S
20240125;100358;0.024080000;400000;9463871771;S
20240125;100358;0.024080000;3650000;9463871795;S
20240125;100358;0.024080000;1000000;9463871796;S
20240125;100358;0.024080000;520000;9463871797;S
20240125;100358;0.024075000;1000000;9463871798;S
20240125;100358;0.024070000;1000000;9463871799;S
20240125;100358;0.024070000;6000000;9463871800;S
20240125;100358;0.024065000;20000;9463871801;S
20240125;100358;0.024065000;1000000;9463871802;S
20240125;100358;0.024065000;50000;9463871803;S
20240125;100358;0.024065000;6000000;9463871804;S
20240125;100358;0.024060000;100000;9463871805;S
20240125;100358;0.024060000;1000000;9463871806;S
20240125;100358;0.024060000;6000000;9463871807;S
20240125;100358;0.024055000;1000000;9463871808;S
20240125;100358;0.024055000;10000;9463871809;S
20240125;100358;0.024055000;6000000;9463871810;S
20240125;100358;0.024055000;1520000;9463871811;S
20240125;100358;0.024055000;4140000;9463871812;S
20240125;100358;0.024055000;12420000;9463871813;S
20240125;100358;0.024055000;11840000;9463871814;S
20240125;100358;0.024055000;10000;9463871815;S
20240125;100358;0.024055000;15000000;9463871816;S
20240125;100358;0.024055000;6000000;9463871817;B
20240125;100358;0.024055000;10000;9463871819;B
20240125;100358;0.024050000;10000;9463871871;S
20240125;100359;0.024055000;10000000;9463871978;B
20240125;100359;0.024055000;400000;9463872052;B
20240125;100359;0.024055000;10000000;9463872090;B
20240125;100359;0.024055000;10000;9463872129;B
20240125;100400;0.024050000;1580000;9463872137;S
20240125;100400;0.024050000;2420000;9463872138;S
20240125;100400;0.024050000;500000;9463872203;S
20240125;100400;0.024055000;3000000;9463872253;B
20240125;100401;0.024050000;1000000;9463872398;S
20240125;100403;0.024050000;600000;9463872623;S
20240125;100403;0.024050000;650000;9463872645;S
20240125;100403;0.024055000;1420000;9463872655;B
20240125;100403;0.024055000;500000;9463872656;B
20240125;100404;0.024075000;10000;9463872759;B
20240125;100405;0.024075000;40000;9463872893;B
20240125;100405;0.024075000;950000;9463872921;B
20240125;100405;0.024075000;2160000;9463872922;B
20240125;100405;0.024075000;1000000;9463872943;B
20240125;100405;0.024070000;130000;9463873053;S
20240125;100405;0.024065000;1520000;9463873054;S
20240125;100406;0.024075000;50000;9463873074;B
20240125;100406;0.024075000;40000;9463873075;B
20240125;100406;0.024075000;60000;9463873079;B
20240125;100406;0.024065000;140000;9463873208;S
20240125;100408;0.024080000;10000;9463873383;B
20240125;100409;0.024080000;990000;9463873541;B
20240125;100409;0.024080000;10000;9463873542;B
20240125;100409;0.024080000;40000;9463873553;B
20240125;100409;0.024075000;10000;9463873556;S
20240125;100410;0.024080000;800000;9463873942;B
20240125;100411;0.024080000;3150000;9463873994;B
20240125;100411;0.024080000;4000000;9463873995;B
20240125;100411;0.024080000;20000000;9463873996;B
20240125;100411;0.024080000;6000000;9463873997;B
20240125;100411;0.024080000;1000000;9463873998;B
20240125;100411;0.024085000;800000;9463873999;B
20240125;100411;0.024085000;1000000;9463874000;B
20240125;100411;0.024085000;11840000;9463874001;B
20240125;100411;0.024085000;6000000;9463874002;B
20240125;100411;0.024085000;6210000;9463874003;B
20240125;100411;0.024085000;500000;9463874008;B
20240125;100411;0.024085000;100000;9463874029;B
20240125;100411;0.024080000;130000;9463874090;S
20240125;100411;0.024080000;100000;9463874091;S
20240125;100411;0.024085000;100000;9463874095;B
20240125;100411;0.024085000;100000;9463874098;B
20240125;100411;0.024085000;50000;9463874137;B
20240125;100412;0.024085000;500000;9463874164;B
20240125;100413;0.024085000;150000;9463874364;B
20240125;100413;0.024085000;40000;9463874366;B
20240125;100413;0.024085000;1000000;9463874522;B
20240125;100414;0.024080000;770000;9463874643;S
20240125;100414;0.024080000;700000;9463874644;S
20240125;100414;0.024085000;10000;9463874664;B
20240125;100415;0.024080000;50000;9463874832;S
20240125;100415;0.024080000;3900000;9463874856;S
20240125;100415;0.024085000;5270000;9463874861;B
20240125;100415;0.024085000;40000;9463875027;B
20240125;100417;0.024080000;200000;9463875265;S
20240125;100418;0.024085000;10000;9463875545;B
20240125;100418;0.024085000;1000000;9463875591;B
20240125;100418;0.024080000;800000;9463875639;S
20240125;100418;0.024080000;700000;9463875640;S
20240125;100418;0.024085000;100000;9463875643;B
20240125;100421;0.024080000;8550000;9463876215;S
20240125;100422;0.024085000;60000;9463876329;B
20240125;100422;0.024085000;3430000;9463876340;B
20240125;100422;0.024085000;1700000;9463876434;S
20240125;100423;0.024090000;30000;9463876574;B
20240125;100424;0.024090000;10000;9463876829;B
20240125;100427;0.024090000;60000;9463877231;B
20240125;100427;0.024090000;10000;9463877232;B
20240125;100427;0.024090000;400000;9463877233;B
20240125;100429;0.024090000;5000000;9463877520;B
20240125;100430;0.024085000;4870000;9463877701;S
20240125;100430;0.024085000;1000000;9463877702;S
20240125;100430;0.024085000;4130000;9463877703;S
20240125;100431;0.024090000;500000;9463877772;B
20240125;100431;0.024090000;500000;9463877877;B
20240125;100433;0.024090000;1100000;9463878043;B
20240125;100434;0.024090000;1000000;9463878184;B
20240125;100434;0.024090000;1000000;9463878280;B
20240125;100434;0.024090000;300000;9463878288;B
20240125;100435;0.024085000;10000;9463878363;S
20240125;100436;0.024090000;2650000;9463878595;B
20240125;100436;0.024090000;10000;9463878596;B
20240125;100436;0.024090000;1250000;9463878716;S
20240125;100438;0.024095000;4150000;9463878944;B
20240125;100438;0.024095000;30000;9463878965;B
20240125;100439;0.024095000;10000;9463879118;B
20240125;100439;0.024090000;90000;9463879178;S
20240125;100439;0.024090000;50000;9463879179;S
20240125;100439;0.024090000;1550000;9463879377;S
20240125;100439;0.024090000;10000;9463879415;S
20240125;100440;0.024090000;440000;9463879442;S
20240125;100440;0.024095000;40000;9463879698;B
20240125;100440;0.024095000;5170000;9463879747;B
20240125;100441;0.024090000;80000;9463879922;S
20240125;100441;0.024090000;70000;9463879927;S
20240125;100441;0.024085000;30000;9463879928;S
20240125;100441;0.024095000;1400000;9463880042;B
20240125;100442;0.024095000;10000;9463880243;B
20240125;100442;0.024095000;20000;9463880327;B
20240125;100444;0.024095000;1010000;9463880771;B
20240125;100444;0.024095000;100000;9463880772;B
20240125;100444;0.024095000;2890000;9463880773;B
20240125;100445;0.024095000;500000;9463880856;B
20240125;100445;0.024095000;20000;9463880941;B
20240125;100446;0.024090000;770000;9463881098;S
20240125;100447;0.024095000;6000000;9463881220;B
20240125;100447;0.024095000;1110000;9463881237;B
20240125;100447;0.024095000;500000;9463881303;B
20240125;100447;0.024090000;10000;9463881342;S
20240125;100448;0.024095000;1430000;9463881417;B
20240125;100448;0.024095000;7580000;9463881445;S
20240125;100448;0.024100000;200000;9463881463;B
20240125;100448;0.024100000;30000;9463881537;B
20240125;100449;0.024100000;11610000;9463881565;B
20240125;100449;0.024100000;2500000;9463881566;B
20240125;100449;0.024100000;10000;9463881567;B
20240125;100449;0.024100000;200000;9463881568;B
20240125;100449;0.024100000;500000;9463881569;B
20240125;100449;0.024100000;400000;9463881570;B
20240125;100449;0.024105000;5000000;9463881571;B
20240125;100449;0.024105000;11840000;9463881572;B
20240125;100449;0.024105000;1000000;9463881573;B
20240125;100449;0.024105000;12450000;9463881574;B
20240125;100449;0.024105000;5270000;9463881575;B
20240125;100449;0.024110000;6000000;9463881576;B
20240125;100449;0.024110000;11840000;9463881577;B
20240125;100449;0.024110000;1000000;9463881578;B
20240125;100449;0.024110000;10000;9463881579;B
20240125;100449;0.024115000;6000000;9463881580;B
20240125;100449;0.024115000;11840000;9463881581;B
20240125;100449;0.024115000;4000000;9463881582;B
20240125;100449;0.024115000;1000000;9463881583;B
20240125;100449;0.024115000;31040000;9463881584;B
20240125;100449;0.024115000;200000;9463881585;B
20240125;100449;0.024120000;6000000;9463881586;B
20240125;100449;0.024120000;11840000;9463881587;B
20240125;100449;0.024120000;1000000;9463881588;B
20240125;100449;0.024120000;38000000;9463881589;B
20240125;100449;0.024120000;4140000;9463881590;B
20240125;100449;0.024125000;2690000;9463881591;B
20240125;100449;0.024125000;11840000;9463881592;B
20240125;100449;0.024125000;200000;9463881593;B
20240125;100449;0.024125000;1000000;9463881594;B
20240125;100449;0.024125000;7130000;9463881595;B
20240125;100449;0.024120000;4140000;9463881605;B
20240125;100449;0.024120000;1000000;9463881606;B
20240125;100449;0.024120000;6000000;9463881607;B
20240125;100449;0.024120000;8860000;9463881608;B
20240125;100449;0.024115000;500000;9463881609;B
20240125;100449;0.024120000;80000;9463881681;B
20240125;100449;0.024110000;1000000;9463881686;S
20240125;100449;0.024105000;420000;9463881687;S
20240125;100449;0.024105000;1000000;9463881688;S
20240125;100449;0.024105000;4130000;9463881689;S
20240125;100449;0.024120000;120000;9463881710;B
20240125;100449;0.024110000;150000;9463881726;S
20240125;100450;0.024115000;510000;9463881771;S
20240125;100452;0.024110000;50000;9463882084;S
20240125;100453;0.024120000;2150000;9463882224;B
20240125;100453;0.024105000;6000000;9463882264;S
20240125;100453;0.024105000;1000000;9463882265;S
20240125;100453;0.024100000;1000000;9463882266;S
20240125;100453;0.024100000;6000000;9463882267;S
20240125;100453;0.024100000;12420000;9463882268;S
20240125;100453;0.024095000;10980000;9463882269;S
20240125;100457;0.024120000;10000;9463883090;B
20240125;100457;0.024120000;10000;9463883097;B
20240125;100458;0.024115000;130000;9463883286;S
20240125;100458;0.024120000;10270000;9463883381;B
20240125;100458;0.024120000;1000000;9463883382;B
20240125;100458;0.024120000;8730000;9463883383;B
20240125;100458;0.024115000;130000;9463883385;S
20240125;100458;0.024100000;870000;9463883386;S
20240125;100459;0.024115000;100000;9463883425;B
20240125;100500;0.024115000;20000;9463883785;B
20240125;100501;0.024115000;50000;9463883816;B
20240125;100502;0.024110000;100000;9463884184;B
20240125;100502;0.024110000;900000;9463884185;B
20240125;100506;0.024105000;50000;9463884740;B
20240125;100506;0.024100000;400000;9463884754;S
20240125;100506;0.024100000;10000;9463884755;S
20240125;100506;0.024095000;10000;9463884756;S
20240125;100506;0.024095000;1000000;9463884757;S
20240125;100506;0.024095000;50000;9463884758;S
20240125;100506;0.024095000;20000;9463884759;S
20240125;100506;0.024095000;3160000;9463884760;S
20240125;100507;0.024105000;30000;9463884929;B
20240125;100508;0.024105000;970000;9463885078;B
20240125;100508;0.024105000;1000000;9463885152;B
20240125;100508;0.024110000;100000;9463885153;B
20240125;100508;0.024110000;600000;9463885154;B
20240125;100508;0.024110000;30000;9463885200;B
20240125;100511;0.024110000;370000;9463885534;B
20240125;100511;0.024110000;9630000;9463885535;B
20240125;100511;0.024110000;10000;9463885588;B
20240125;100511;0.024100000;10000;9463885632;S
20240125;100512;0.024105000;10000;9463885747;B
20240125;100513;0.024105000;10000;9463885950;B
20240125;100514;0.024110000;4130000;9463886305;B
20240125;100514;0.024110000;1000000;9463886306;B
20240125;100514;0.024110000;4870000;9463886307;B
20240125;100514;0.024110000;10000;9463886364;B
20240125;100514;0.024110000;90000;9463886441;B
20240125;100514;0.024110000;20000;9463886534;B
20240125;100515;0.024100000;60000;9463886572;S
20240125;100515;0.024100000;30000;9463886841;S
20240125;100515;0.024095000;170000;9463886842;S
20240125;100517;0.024110000;10000000;9463887177;B
20240125;100517;0.024110000;500000;9463887229;B
20240125;100517;0.024110000;1000000;9463887230;B
20240125;100517;0.024115000;320000;9463887311;B
20240125;100517;0.024110000;40000;9463887431;S
20240125;100518;0.024115000;40000;9463887538;B
20240125;100518;0.024115000;80000;9463887563;B
20240125;100519;0.024115000;80000;9463887823;B
20240125;100520;0.024115000;1470000;9463887831;B
20240125;100520;0.024115000;8530000;9463887832;B
20240125;100520;0.024110000;100000;9463887868;S
20240125;100520;0.024115000;200000;9463887886;B
20240125;100520;0.024115000;150000;9463887942;B
20240125;100520;0.024115000;10000;9463887996;B
20240125;100521;0.024115000;1110000;9463888068;B
20240125;100521;0.024115000;100000;9463888069;B
20240125;100521;0.024120000;1270000;9463888070;B
20240125;100521;0.024120000;8380000;9463888071;B
20240125;100524;0.024115000;90000;9463888542;B
20240125;100524;0.024115000;10000;9463888656;B
20240125;100524;0.024115000;150000;9463888657;B
20240125;100524;0.024120000;9840000;9463888658;B
20240125;100525;0.024120000;40000;9463888682;B
20240125;100526;0.024110000;220000;9463888865;S
20240125;100528;0.024120000;40000;9463889290;B
20240125;100528;0.024110000;110000;9463889299;S
20240125;100529;0.024120000;18160000;9463889463;B
20240125;100529;0.024120000;20000;9463889571;B
20240125;100531;0.024120000;220000;9463889881;B
20240125;100533;0.024115000;10000;9463890202;S
20240125;100534;0.024115000;20000;9463890354;S
20240125;100534;0.024115000;10000;9463890448;S
20240125;100535;0.024120000;10000;9463890487;B
20240125;100535;0.024120000;30000;9463890517;B
20240125;100536;0.024115000;40000;9463890749;S
20240125;100536;0.024115000;400000;9463890750;S
20240125;100536;0.024115000;220000;9463890779;S
20240125;100537;0.024115000;200000;9463890879;S
20240125;100538;0.024120000;10000;9463891063;B
20240125;100539;0.024115000;10000;9463891214;S
20240125;100540;0.024115000;3060000;9463891358;S
20240125;100542;0.024120000;220000;9463891612;B
20240125;100542;0.024120000;10000;9463891656;B
20240125;100545;0.024120000;20000;9463892570;B
20240125;100546;0.024120000;3650000;9463892687;B
20240125;100546;0.024120000;30000;9463892703;B
20240125;100546;0.024115000;1000000;9463892719;S
20240125;100547;0.024115000;220000;9463892787;S
20240125;100548;0.024120000;10000;9463892942;B
20240125;100548;0.024115000;10000;9463892959;S
20240125;100548;0.024120000;140000;9463892960;B
20240125;100549;0.024120000;40000;9463893168;B
20240125;100550;0.024120000;20000;9463893275;B
20240125;100550;0.024115000;30000;9463893337;S
20240125;100551;0.024120000;30000;9463893422;B
20240125;100552;0.024120000;220000;9463893562;B
20240125;100552;0.024120000;10000;9463893575;B
20240125;100553;0.024115000;210000;9463893855;S
20240125;100554;0.024120000;10000;9463893895;B
20240125;100554;0.024115000;300000;9463893928;S
20240125;100554;0.024120000;10000;9463894069;B
20240125;100554;0.024120000;50000;9463894079;B
20240125;100555;0.024115000;300000;9463894103;S
20240125;100556;0.024120000;750000;9463894240;B
20240125;100557;0.024120000;10000;9463894472;B
20240125;100558;0.024120000;10000;9463894651;B
20240125;100559;0.024120000;10000;9463894802;B
20240125;100559;0.024120000;50000000;9463894810;B
20240125;100601;0.024120000;10000;9463895111;B
20240125;100601;0.024120000;870000;9463895113;B
20240125;100601;0.024120000;120000;9463895120;B
20240125;100603;0.024115000;190000;9463895391;S
20240125;100603;0.024115000;310000;9463895392;S
20240125;100603;0.024120000;5000000;9463895529;B
20240125;100605;0.024120000;2000000;9463895888;B
20240125;100605;0.024120000;2000000;9463895889;B
20240125;100605;0.024120000;10000;9463895890;B
20240125;100605;0.024120000;1000000;9463895891;B
20240125;100605;0.024120000;12430000;9463895892;B
20240125;100607;0.024125000;40000;9463896280;B
20240125;100608;0.024120000;10000;9463896344;S
20240125;100608;0.024125000;500000;9463896346;B
20240125;100608;0.024125000;650000;9463896350;B
20240125;100608;0.024120000;10000000;9463896459;S
20240125;100609;0.024125000;100000;9463896587;B
20240125;100610;0.024125000;40000;9463896768;B
20240125;100614;0.024120000;1700000;9463897615;S
20240125;100615;0.024125000;120000;9463897964;B
20240125;100616;0.024120000;20000;9463898147;S
20240125;100617;0.024120000;50000;9463898221;S
20240125;100618;0.024125000;20000;9463898534;B
20240125;100619;0.024125000;80000;9463898628;B
20240125;100619;0.024125000;10000;9463898724;B
20240125;100620;0.024125000;30000;9463898753;B
20240125;100620;0.024125000;40000;9463898761;B
20240125;100621;0.024125000;20000;9463898909;B
20240125;100621;0.024120000;10000;9463898954;S
20240125;100622;0.024120000;530000;9463899305;S
20240125;100623;0.024125000;10000;9463899339;B
20240125;100626;0.024125000;10000;9463899899;B
20240125;100626;0.024125000;20000;9463899948;B
20240125;100626;0.024125000;300000;9463899954;B
20240125;100627;0.024125000;30000;9463899993;B
20240125;100628;0.024125000;1000000;9463900248;B
20240125;100629;0.024125000;30000;9463900368;B
20240125;100630;0.024125000;10000000;9463900603;B
20240125;100631;0.024120000;4770000;9463900761;S
20240125;100631;0.024125000;18350000;9463900775;B
20240125;100632;0.024125000;40000;9463900910;B
20240125;100633;0.024125000;20000;9463901218;B
20240125;100634;0.024125000;30000;9463901318;B
20240125;100634;0.024125000;10000;9463901418;B
20240125;100635;0.024125000;10000;9463901584;B
20240125;100636;0.024125000;1000000;9463901683;B
20240125;100639;0.024125000;10000;9463902177;B
20240125;100639;0.024125000;500000;9463902274;B
20240125;100642;0.024120000;40000;9463902872;S
20240125;100642;0.024120000;40000;9463903093;S
20240125;100647;0.024125000;2000000;9463904449;B
20240125;100648;0.024125000;2000000;9463904474;B
20240125;100648;0.024125000;20000;9463904481;B
20240125;100648;0.024120000;33510000;9463904535;S
20240125;100649;0.024120000;16920000;9463904615;S
20240125;100649;0.024120000;200000;9463904663;S
20240125;100649;0.024120000;3000000;9463904681;S
20240125;100651;0.024120000;11660000;9463904919;S
20240125;100651;0.024120000;130000;9463904920;S
20240125;100651;0.024120000;500000;9463904921;S
20240125;100651;0.024120000;17710000;9463904922;S
20240125;100652;0.024120000;15000000;9463905179;S
20240125;100653;0.024120000;11040000;9463905391;S
20240125;100653;0.024120000;4000000;9463905392;S
20240125;100653;0.024120000;50000;9463905393;S
20240125;100653;0.024120000;10000;9463905394;S
20240125;100653;0.024120000;400000;9463905395;S
20240125;100653;0.024120000;10000;9463905396;S
20240125;100653;0.024120000;40000;9463905397;S
20240125;100653;0.024120000;100000;9463905398;S
20240125;100653;0.024120000;1000000;9463905399;S
20240125;100653;0.024120000;100000;9463905400;S
20240125;100653;0.024120000;200000;9463905401;S
20240125;100653;0.024120000;33050000;9463905486;B
20240125;100653;0.024120000;3000000;9463905487;B
20240125;100653;0.024120000;3120000;9463905488;B
20240125;100653;0.024120000;4000000;9463905489;B
20240125;100653;0.024125000;4830000;9463905490;B
20240125;100653;0.024125000;10000;9463905491;B
20240125;100653;0.024125000;50000;9463905492;B
20240125;100653;0.024125000;600000;9463905493;B
20240125;100653;0.024125000;10000000;9463905494;B
20240125;100653;0.024125000;1000000;9463905495;B
20240125;100653;0.024125000;12430000;9463905496;B
20240125;100653;0.024130000;10000;9463905582;B
20240125;100655;0.024130000;200000;9463906027;B
20240125;100655;0.024130000;800000;9463906028;B
20240125;100655;0.024125000;10000000;9463906081;S
20240125;100655;0.024130000;50000;9463906129;B
20240125;100655;0.024130000;700000;9463906165;B
20240125;100657;0.024125000;17780000;9463906647;S
20240125;100657;0.024125000;10000;9463906648;S
20240125;100658;0.024120000;50000;9463906804;S
20240125;100658;0.024120000;50000;9463906805;S
20240125;100700;0.024120000;200000;9463907037;B
20240125;100700;0.024120000;1000000;9463907038;B
20240125;100700;0.024120000;3000000;9463907039;B
20240125;100700;0.024120000;2800000;9463907040;B
20240125;100701;0.024120000;100000;9463907298;B
20240125;100703;0.024115000;10000;9463907598;S
20240125;100703;0.024115000;39990000;9463907599;S
20240125;100705;0.024120000;100000;9463907866;B
20240125;100706;0.024120000;10000;9463908010;B
20240125;100706;0.024120000;40000;9463908075;B
20240125;100707;0.024120000;500000;9463908272;B
20240125;100707;0.024120000;500000;9463908277;B
20240125;100707;0.024120000;10000;9463908305;B
20240125;100707;0.024115000;300000;9463908311;S
20240125;100707;0.024120000;10000;9463908331;B
20240125;100707;0.024115000;50000000;9463908357;S
20240125;100708;0.024115000;10000;9463908486;S
20240125;100708;0.024115000;50000;9463908491;S
20240125;100708;0.024120000;10000;9463908518;B
20240125;100709;0.024115000;10000;9463908559;S
20240125;100710;0.024120000;10000;9463908714;B
20240125;100710;0.024120000;10000;9463908819;B
20240125;100712;0.024120000;3000000;9463909173;B
20240125;100713;0.024120000;20000;9463909472;B
20240125;100713;0.024120000;10000;9463909490;B
20240125;100714;0.024120000;530000;9463910024;B
20240125;100714;0.024120000;620000;9463910114;B
20240125;100714;0.024120000;40000;9463910309;B
20240125;100716;0.024115000;2500000;9463910788;S
20240125;100717;0.024115000;1000000;9463910837;S
20240125;100717;0.024120000;500000;9463910856;B
20240125;100718;0.024115000;6090000;9463910973;S
20240125;100718;0.024115000;40000;9463910974;S
20240125;100718;0.024110000;5030000;9463910975;S
20240125;100718;0.024110000;3840000;9463910976;S
20240125;100718;0.024115000;100000;9463911023;B
20240125;100719;0.024110000;25000000;9463911163;S
20240125;100719;0.024115000;40000;9463911184;B
20240125;100720;0.024110000;1000000;9463911394;S
20240125;100720;0.024115000;10000;9463911454;B
20240125;100721;0.024110000;19000000;9463911566;S
20240125;100721;0.024110000;10000;9463911645;S
20240125;100721;0.024110000;1480000;9463911713;S
20240125;100725;0.024115000;10000;9463912280;B
20240125;100725;0.024115000;10000;9463912318;B
20240125;100727;0.024115000;10000;9463912606;B
20240125;100727;0.024115000;820000;9463912674;B
20240125;100727;0.024115000;1680000;9463912675;B
20240125;100728;0.024115000;10000;9463912752;B
20240125;100729;0.024115000;30000;9463913092;B
20240125;100734;0.024110000;21840000;9463914012;S
20240125;100734;0.024110000;100000;9463914086;S
20240125;100735;0.024115000;10000;9463914290;B
20240125;100739;0.024110000;5000000;9463915034;S
20240125;100739;0.024110000;10000000;9463915081;S
20240125;100740;0.024115000;1000000;9463915101;B
20240125;100741;0.024110000;80000;9463915260;S
20240125;100741;0.024115000;270000;9463915308;B
20240125;100741;0.024115000;730000;9463915309;B
20240125;100742;0.024110000;1240000;9463915422;S
20240125;100742;0.024110000;50000;9463915505;S
20240125;100742;0.024110000;10000;9463915660;S
20240125;100743;0.024115000;2270000;9463915780;B
20240125;100743;0.024115000;230000;9463915781;B
20240125;100744;0.024110000;10000;9463915958;S
20240125;100745;0.024115000;30000;9463916264;B
20240125;100747;0.024115000;20000;9463916543;B
20240125;100748;0.024115000;30000;9463916651;B
20240125;100748;0.024115000;5690000;9463916709;B
20240125;100748;0.024115000;3000000;9463916710;B
20240125;100748;0.024120000;2420000;9463916711;B
20240125;100748;0.024120000;3000000;9463916712;B
20240125;100748;0.024120000;140000;9463916713;B
20240125;100748;0.024120000;290000;9463916714;B
20240125;100748;0.024120000;1000000;9463916715;B
20240125;100748;0.024120000;33380000;9463916716;B
20240125;100750;0.024115000;1000000;9463917245;B
20240125;100750;0.024110000;30000;9463917266;S
20240125;100751;0.024110000;10000;9463917324;S
20240125;100751;0.024115000;10000;9463917330;B
20240125;100751;0.024115000;10000;9463917331;B
20240125;100752;0.024110000;100000;9463917594;S
20240125;100754;0.024110000;30000;9463918005;S
20240125;100754;0.024110000;11170000;9463918146;S
20240125;100754;0.024110000;300000;9463918147;S
20240125;100754;0.024110000;10000;9463918148;S
20240125;100754;0.024110000;20000;9463918149;S
20240125;100754;0.024110000;12560000;9463918150;S
20240125;100755;0.024115000;60000;9463918325;B
20240125;100757;0.024115000;300000;9463918813;B
20240125;100759;0.024115000;10000;9463919146;B
20240125;100800;0.024115000;10000;9463919290;B
20240125;100800;0.024110000;1000000;9463919379;S
20240125;100800;0.024110000;20000;9463919404;S
20240125;100801;0.024115000;10000;9463919540;B
20240125;100802;0.024115000;1000000;9463919691;B
20240125;100803;0.024110000;1500000;9463919941;S
20240125;100803;0.024110000;10000;9463919942;S
20240125;100805;0.024115000;10000;9463920234;B
20240125;100806;0.024110000;30000;9463920349;S
20240125;100806;0.024115000;100000;9463920364;B
20240125;100808;0.024110000;120000;9463920843;S
20240125;100809;0.024110000;40000;9463920961;S
20240125;100809;0.024110000;10000;9463921052;S
20240125;100810;0.024115000;10000;9463921190;B
20240125;100811;0.024110000;10000;9463921367;S
20240125;100812;0.024115000;470000;9463921609;B
20240125;100812;0.024115000;50000;9463921610;B
20240125;100812;0.024115000;100000;9463921611;B
20240125;100812;0.024115000;100000;9463921612;B
20240125;100812;0.024115000;100000;9463921613;B
20240125;100812;0.024115000;100000;9463921614;B
20240125;100812;0.024115000;1280000;9463921615;B
20240125;100812;0.024115000;100000;9463921650;B
20240125;100813;0.024110000;10000;9463921853;S
20240125;100814;0.024115000;2500000;9463921869;B
20240125;100814;0.024110000;40000;9463921894;S
20240125;100815;0.024115000;280000;9463922069;B
20240125;100816;0.024115000;10000;9463922186;B
20240125;100817;0.024115000;20000;9463922319;B
20240125;100818;0.024115000;100000;9463922472;B
20240125;100819;0.024110000;4650000;9463922783;S
20240125;100819;0.024110000;150000;9463922784;S
20240125;100819;0.024110000;1000000;9463922785;S
20240125;100819;0.024110000;10000;9463922786;S
20240125;100819;0.024110000;150000;9463922787;S
20240125;100819;0.024110000;100000;9463922788;S
20240125;100819;0.024110000;250000;9463922789;S
20240125;100819;0.024110000;10000;9463922790;S
20240125;100819;0.024110000;360000;9463922791;S
20240125;100819;0.024110000;3320000;9463922792;S
20240125;100821;0.024115000;90000;9463922957;B
20240125;100821;0.024120000;10000;9463922958;B
20240125;100821;0.024110000;4000000;9463923027;S
20240125;100824;0.024120000;100000;9463923488;B
20240125;100825;0.024115000;3860000;9463923599;S
20240125;100826;0.024120000;10000;9463924034;B
20240125;100827;0.024120000;100000;9463924104;B
20240125;100827;0.024115000;3000000;9463924146;S
20240125;100828;0.024120000;100000;9463924221;B
20240125;100830;0.024120000;100000;9463924570;B
20240125;100830;0.024120000;10000;9463924588;B
20240125;100832;0.024120000;200000;9463924826;B
20240125;100833;0.024120000;100000;9463924948;B
20240125;100836;0.024120000;100000;9463925356;B
20240125;100839;0.024120000;100000;9463925717;B
20240125;100839;0.024120000;90000;9463925756;B
20240125;100841;0.024120000;280000;9463926082;B
20240125;100842;0.024120000;100000;9463926262;B
20240125;100844;0.024120000;100000;9463926683;B
20240125;100845;0.024115000;50000;9463926768;S
20240125;100845;0.024120000;60000;9463926852;B
20240125;100847;0.024120000;60000;9463927138;B
20240125;100847;0.024120000;40000;9463927139;B
20240125;100849;0.024120000;1000000;9463927373;B
20240125;100849;0.024115000;10000;9463927406;S
20240125;100850;0.024120000;100000;9463927556;B
20240125;100851;0.024115000;10000;9463927763;S
20240125;100852;0.024120000;2500000;9463927817;B
20240125;100853;0.024115000;10000;9463927884;S
20240125;100853;0.024120000;100000;9463927980;B
20240125;100856;0.024120000;10000;9463928257;B
20240125;100856;0.024120000;1700000;9463928318;B
20240125;100856;0.024120000;100000;9463928348;B
20240125;100856;0.024115000;20000;9463928370;S
20240125;100859;0.024120000;100000;9463928841;B
20240125;100901;0.024115000;20000;9463929102;S
20240125;100901;0.024115000;510000;9463929235;S
20240125;100902;0.024120000;100000;9463929291;B
20240125;100904;0.024120000;100000;9463929740;B
20240125;100905;0.024115000;110000;9463929810;S
20240125;100905;0.024115000;2400000;9463929830;S
20240125;100905;0.024115000;10000;9463929831;S
20240125;100905;0.024115000;20000;9463929832;S
20240125;100905;0.024115000;270000;9463929833;S
20240125;100907;0.024120000;100000;9463930210;B
20240125;100908;0.024115000;610000;9463930273;S
20240125;100908;0.024115000;120000;9463930276;S
20240125;100909;0.024120000;6470000;9463930385;B
20240125;100909;0.024120000;40000;9463930386;B
20240125;100909;0.024120000;40000;9463930387;B
20240125;100909;0.024120000;1500000;9463930388;B
