<DATE>;<TIME>;<LAST>;<VOL>;<ID>;<OPER>
20240227;095936;0.02361;500000;9702582001;B
20240227;095936;0.02361;20000;9702582002;B
20240227;095936;0.02361;10000;9702582003;B
20240227;095936;0.02361;10000;9702582004;B
20240227;095936;0.02361;10000;9702582005;B
20240227;095936;0.02361;100000;9702582006;B
20240227;095936;0.02361;30000;9702582007;B
20240227;095936;0.02361;190000;9702582008;B
20240227;095936;0.02361;10000;9702582009;B
20240227;095936;0.02361;10000;9702582010;B
20240227;095936;0.02361;60000;9702582011;B
20240227;095936;0.02361;10000;9702582012;B
20240227;095936;0.02361;2000000;9702582013;B
20240227;095936;0.02361;80000;9702582014;B
20240227;095936;0.02361;400000;9702582015;B
20240227;095936;0.02361;50000;9702582016;B
20240227;095936;0.02361;10000;9702582017;B
20240227;095936;0.02361;30000;9702582018;B
20240227;095936;0.02361;100000;9702582019;B
20240227;095936;0.02361;10000;9702582020;B
20240227;095936;0.02361;260000;9702582021;B
20240227;095936;0.02361;2500000;9702582022;B
20240227;095936;0.02361;10000;9702582023;B
20240227;095936;0.02361;30000;9702582024;B
20240227;095936;0.02361;120000;9702582025;B
20240227;095936;0.02361;20000;9702582026;B
20240227;095936;0.02361;60000;9702582027;B
20240227;095936;0.02361;20000;9702582028;B
20240227;095936;0.02361;120000;9702582029;B
20240227;095936;0.02361;10000;9702582030;B
20240227;095936;0.02361;70000;9702582031;S
20240227;095936;0.02361;830000;9702582032;B
20240227;095936;0.02361;10000;9702582033;B
20240227;095936;0.02361;360000;9702582034;S
20240227;095936;0.02361;60000;9702582035;S
20240227;095936;0.02361;80000;9702582036;S
20240227;095936;0.02361;100000;9702582037;S
20240227;095936;0.02361;240000;9702582038;S
20240227;095936;0.02361;10000;9702582039;B
20240227;095936;0.02361;50000;9702582040;B
20240227;095936;0.02361;200000;9702582041;B
20240227;095936;0.02361;4000000;9702582042;B
20240227;095936;0.02361;60000;9702582043;B
20240227;095936;0.02361;50000;9702582044;B
20240227;095936;0.02361;90000;9702582045;S
20240227;095936;0.02361;500000;9702582046;S
20240227;095936;0.02361;50000;9702582047;S
20240227;095936;0.02361;200000;9702582048;S
20240227;095936;0.02361;70000;9702582049;B
20240227;095936;0.02361;70000;9702582050;B
20240227;095936;0.02361;70000;9702582051;B
20240227;095936;0.02361;10000;9702582052;B
20240227;095936;0.02361;10000;9702582053;B
20240227;095936;0.02361;50000;9702582054;B
20240227;095936;0.02361;40000;9702582055;B
20240227;095936;0.02361;40000;9702582056;B
20240227;095936;0.02361;10000;9702582057;B
20240227;095936;0.02361;90000;9702582058;B
20240227;095936;0.02361;10000;9702582059;B
20240227;095936;0.02361;40000;9702582060;B
20240227;095936;0.02361;9290000;9702582061;S
20240227;095936;0.02361;300000;9702582062;S
20240227;095936;0.02361;20000;9702582063;B
20240227;095936;0.02361;100000;9702582064;B
20240227;095936;0.02361;50000;9702582065;B
20240227;095936;0.02361;20000;9702582066;B
20240227;095936;0.02361;50000;9702582067;B
20240227;095936;0.02361;10000;9702582068;B
20240227;095936;0.02361;40000;9702582069;B
20240227;095936;0.02361;80000;9702582070;B
20240227;095936;0.02361;40000;9702582071;B
20240227;095936;0.02361;30000;9702582072;B
20240227;095936;0.02361;10000;9702582073;B
20240227;095936;0.02361;20000;9702582074;B
20240227;095936;0.02361;10000;9702582075;B
20240227;095936;0.02361;10000;9702582076;S
20240227;095936;0.02361;10000;9702582077;B
20240227;095936;0.02361;10000;9702582078;S
20240227;095936;0.02361;10000;9702582079;S
20240227;095936;0.02361;20000;9702582080;S
20240227;095936;0.02361;10000;9702582081;B
20240227;095936;0.02361;8600000;9702582082;S
20240227;095936;0.02361;20000;9702582083;S
20240227;095936;0.02361;30000;9702582084;B
20240227;095936;0.02361;10000;9702582085;S
20240227;095936;0.02361;1200000;9702582086;S
20240227;095936;0.02361;150000;9702582087;S
20240227;095936;0.02361;10000;9702582088;B
20240227;095936;0.02361;30000;9702582089;B
20240227;095936;0.02361;250000;9702582090;B
20240227;095936;0.02361;250000;9702582091;B
20240227;095936;0.02361;210000;9702582092;S
20240227;095936;0.02361;70000;9702582093;S
20240227;095936;0.02361;260000;9702582094;S
20240227;095936;0.02361;10000;9702582095;B
20240227;095936;0.02361;730000;9702582096;B
20240227;095936;0.02361;1000000;9702582097;B
20240227;095936;0.02361;10000;9702582098;S
20240227;095936;0.02361;30000;9702582099;S
20240227;095936;0.02361;50000;9702582100;B
20240227;095936;0.02361;10000;9702582101;B
20240227;095936;0.02361;2770000;9702582102;B
20240227;095936;0.02361;24240000;9702582103;B
20240227;095936;0.02361;10000;9702582104;B
20240227;095936;0.02361;10000;9702582105;B
20240227;095936;0.02361;10000;9702582106;B
20240227;095936;0.02361;30000;9702582107;B
20240227;095936;0.02361;10000;9702582108;B
20240227;095936;0.02361;90000;9702582109;B
20240227;095936;0.02361;20000;9702582110;B
20240227;095936;0.02361;10000000;9702582111;B
20240227;095936;0.02361;60000;9702582112;B
20240227;095936;0.02361;2000000;9702582113;S
20240227;095936;0.02361;10000;9702582114;B
20240227;095936;0.02361;500000;9702582115;B
20240227;095936;0.02361;10000;9702582116;B
20240227;095936;0.02361;10000;9702582117;B
20240227;095936;0.02361;220000;9702582118;B
20240227;095936;0.02361;5000000;9702582119;S
20240227;095936;0.02361;3000000;9702582120;B
20240227;100000;0.02361;2500000;9702588213;B
20240227;100000;0.02361;600000;9702588314;B
20240227;100000;0.02361;800000;9702588336;B
20240227;100000;0.02361;1200000;9702588355;B
20240227;100000;0.02361;2400000;9702588362;B
20240227;100000;0.023605;50000;9702589077;S
20240227;100000;0.023605;2000000;9702589078;S
20240227;100000;0.023605;100000;9702589079;S
20240227;100000;0.023605;100000;9702589080;S
20240227;100000;0.023605;100000;9702589081;S
20240227;100000;0.023605;1730000;9702589082;S
20240227;100000;0.023605;1270000;9702589091;S
20240227;100000;0.023605;200000;9702589092;S
20240227;100000;0.023605;1000000;9702589093;S
20240227;100000;0.023605;100000;9702589094;S
20240227;100000;0.023605;500000;9702589095;S
20240227;100000;0.023605;500000;9702589096;S
20240227;100000;0.023605;510000;9702589097;S
20240227;100000;0.023605;4080000;9702589112;S
20240227;100000;0.023605;410000;9702589117;S
20240227;100000;0.023605;2400000;9702589118;S
20240227;100000;0.023605;1200000;9702589120;B
20240227;100000;0.023605;70000;9702589122;B
20240227;100000;0.023605;1130000;9702589123;B
20240227;100000;0.023605;2100000;9702589129;B
20240227;100000;0.023605;2400000;9702589131;S
20240227;100000;0.0236;40000;9702589132;S
20240227;100000;0.0236;30000;9702589133;S
20240227;100000;0.0236;10000;9702589134;S
20240227;100000;0.0236;20000;9702589135;S
20240227;100000;0.0236;100000;9702589136;S
20240227;100000;0.0236;60000;9702589137;S
20240227;100000;0.0236;10000;9702589138;S
20240227;100000;0.0236;10000;9702589139;S
20240227;100000;0.0236;10000;9702589140;S
20240227;100000;0.0236;40000;9702589141;S
20240227;100000;0.0236;10000;9702589142;S
20240227;100000;0.0236;60000;9702589143;S
20240227;100000;0.0236;200000;9702589144;S
20240227;100000;0.0236;1080000;9702589145;S
20240227;100000;0.0236;1040000;9702589423;S
20240227;100000;0.0236;210000;9702589424;S
20240227;100000;0.0236;80000;9702589425;S
20240227;100000;0.0236;30000;9702589426;S
20240227;100000;0.0236;240000;9702589427;S
20240227;100000;0.0236;50000;9702589428;S
20240227;100000;0.0236;10000;9702589429;S
20240227;100000;0.0236;40000;9702589430;S
20240227;100000;0.0236;980000;9702589431;S
20240227;100000;0.0236;100000;9702589432;S
20240227;100000;0.0236;10000;9702589433;S
20240227;100000;0.0236;110000;9702589434;S
20240227;100000;0.0236;10000;9702589435;S
20240227;100000;0.0236;50000;9702589436;S
20240227;100000;0.0236;170000;9702589437;S
20240227;100000;0.0236;950000;9702589438;S
20240227;100001;0.0236;90000;9702589519;S
20240227;100001;0.0236;960000;9702589566;S
20240227;100001;0.0236;100000;9702589567;S
20240227;100001;0.0236;2890000;9702589568;S
20240227;100001;0.0236;1210000;9702589590;S
20240227;100001;0.0236;500000;9702589591;S
20240227;100001;0.0236;10000;9702589592;S
20240227;100001;0.0236;2360000;9702589593;S
20240227;100001;0.023605;4080000;9702589718;B
20240227;100001;0.023605;920000;9702589724;S
20240227;100001;0.0236;3160000;9702589725;S
20240227;100001;0.023605;100000;9702589817;B
20240227;100001;0.023605;400000;9702590247;B
20240227;100001;0.023605;200000;9702590297;B
20240227;100001;0.023605;1000000;9702590517;B
20240227;100001;0.0236;100000;9702590572;S
20240227;100001;0.0236;480000;9702590766;S
20240227;100002;0.0236;660000;9702590823;S
20240227;100002;0.0236;430000;9702591307;S
20240227;100002;0.023605;30000;9702591556;B
20240227;100003;0.0236;2390000;9702592067;S
20240227;100004;0.0236;250000;9702592479;S
20240227;100004;0.0236;50000;9702592808;S
20240227;100004;0.023605;50000;9702592809;B
20240227;100004;0.0236;50000;9702592810;S
20240227;100004;0.023605;10000;9702592822;B
20240227;100004;0.0236;40000;9702592823;S
20240227;100004;0.0236;10000;9702592826;S
20240227;100004;0.023605;10000;9702592828;B
20240227;100005;0.0236;150000;9702592898;S
20240227;100005;0.0236;10000;9702592917;S
20240227;100005;0.023605;10000;9702592964;B
20240227;100005;0.023605;10000;9702593179;B
20240227;100005;0.023605;50000;9702593181;B
20240227;100005;0.023605;30000;9702593185;B
20240227;100005;0.023605;180000;9702593186;B
20240227;100005;0.023605;50000;9702593187;B
20240227;100005;0.0236;7100000;9702593229;S
20240227;100005;0.023605;20000;9702593347;B
20240227;100005;0.0236;10000;9702593348;S
20240227;100005;0.023605;400000;9702593427;B
20240227;100005;0.0236;20000;9702593552;S
20240227;100005;0.0236;50000;9702593556;S
20240227;100005;0.0236;20000;9702593557;S
20240227;100005;0.023605;10000;9702593563;B
20240227;100005;0.0236;20000;9702593568;S
20240227;100005;0.0236;40000;9702593803;S
20240227;100005;0.0236;50000;9702593814;S
20240227;100005;0.0236;10000;9702593815;S
20240227;100005;0.023605;50000;9702593817;B
20240227;100005;0.0236;20000;9702593820;S
20240227;100005;0.023605;10000;9702593822;B
20240227;100005;0.0236;10000;9702593868;S
20240227;100005;0.023605;30000;9702593871;B
20240227;100006;0.0236;50000;9702594155;S
20240227;100006;0.0236;40000;9702594165;S
20240227;100006;0.023605;40000;9702594182;B
20240227;100006;0.0236;10000;9702594185;S
20240227;100006;0.0236;2410000;9702594188;S
20240227;100006;0.0236;780000;9702594189;S
20240227;100006;0.0236;10000;9702594190;S
20240227;100006;0.0236;90000;9702594191;S
20240227;100006;0.0236;3710000;9702594192;S
20240227;100006;0.023605;50000;9702594194;B
20240227;100006;0.023605;10000;9702594201;B
20240227;100006;0.0236;10000;9702594202;S
20240227;100006;0.023605;10000;9702594203;B
20240227;100006;0.0236;1280000;9702594205;S
20240227;100006;0.0236;440000;9702594206;S
20240227;100006;0.023605;40000;9702594207;B
20240227;100006;0.0236;20000;9702594384;S
20240227;100006;0.023605;10000;9702594388;B
20240227;100006;0.023605;10000;9702594395;B
20240227;100006;0.023605;10000;9702594397;B
20240227;100006;0.023605;20000;9702594399;B
20240227;100006;0.0236;20000;9702594741;S
20240227;100006;0.023605;50000;9702594745;B
20240227;100006;0.023605;50000;9702594863;B
20240227;100006;0.023605;500000;9702594887;B
20240227;100006;0.023605;20000;9702594903;B
20240227;100006;0.0236;20000;9702595010;S
20240227;100006;0.023605;20000;9702595026;B
20240227;100006;0.023605;10000;9702595027;B
20240227;100006;0.023605;20000;9702595131;B
20240227;100006;0.0236;10000;9702595132;S
20240227;100006;0.023605;40000;9702595136;B
20240227;100006;0.023605;10000;9702595138;B
20240227;100006;0.023605;50000;9702595144;B
20240227;100006;0.023605;10000;9702595146;B
20240227;100006;0.0236;10000;9702595148;S
20240227;100006;0.0236;20000;9702595150;S
20240227;100006;0.023605;10000;9702595152;B
20240227;100006;0.023605;10000;9702595245;B
20240227;100006;0.0236;10000;9702595246;S
20240227;100006;0.023605;20000;9702595247;B
20240227;100006;0.0236;10000;9702595248;S
20240227;100006;0.023605;1180000;9702595354;B
20240227;100006;0.023605;220000;9702595363;B
20240227;100006;0.023605;50000;9702595688;B
20240227;100006;0.0236;50000;9702595690;S
20240227;100006;0.023605;40000;9702595774;B
20240227;100006;0.023605;10000;9702595777;B
20240227;100006;0.023605;10000;9702595785;B
20240227;100006;0.023605;10000;9702595802;B
20240227;100006;0.0236;50000;9702595897;S
20240227;100006;0.023605;10000;9702595900;B
20240227;100006;0.0236;210000;9702595901;S
20240227;100006;0.023605;20000;9702595902;B
20240227;100007;0.0236;20000;9702596044;S
20240227;100007;0.023605;10000;9702596045;B
20240227;100007;0.023605;10000;9702596048;B
20240227;100007;0.0236;50000;9702596049;S
20240227;100007;0.0236;10000;9702596051;S
20240227;100007;0.023605;10000;9702596081;B
20240227;100007;0.0236;10000;9702596082;S
20240227;100007;0.0236;10000;9702596083;S
20240227;100007;0.023605;50000;9702596085;B
20240227;100007;0.023605;10000;9702596499;B
20240227;100007;0.023605;10000;9702596500;B
20240227;100007;0.023605;10000;9702596501;B
20240227;100007;0.023605;10000;9702596502;B
20240227;100007;0.023605;10000;9702596503;B
20240227;100007;0.023605;10000;9702596504;B
20240227;100007;0.023605;50000;9702596505;B
20240227;100007;0.0236;10000;9702596509;S
20240227;100008;0.023605;50000;9702596780;B
20240227;100009;0.0236;10000;9702597146;S
20240227;100010;0.023605;140000;9702597375;B
20240227;100010;0.023605;560000;9702597397;B
20240227;100010;0.023605;1650000;9702597415;B
20240227;100010;0.023605;60000;9702597416;B
20240227;100010;0.023605;40000;9702597452;B
20240227;100010;0.023605;20000;9702597481;B
20240227;100010;0.023605;60000;9702597552;B
20240227;100010;0.0236;4010000;9702597595;S
20240227;100010;0.0236;5000000;9702597596;S
20240227;100010;0.0236;650000;9702597597;S
20240227;100010;0.0236;60000;9702597598;S
20240227;100010;0.0236;250000;9702597599;S
20240227;100010;0.0236;1000000;9702597600;S
20240227;100010;0.0236;40000;9702597601;S
20240227;100010;0.0236;60000;9702597602;S
20240227;100010;0.0236;10000000;9702597603;S
20240227;100010;0.0236;7500000;9702597604;S
20240227;100010;0.0236;20000;9702597605;S
20240227;100010;0.0236;330000;9702597606;S
20240227;100010;0.023595;40000;9702597607;S
20240227;100010;0.023595;200000;9702597608;S
20240227;100010;0.023595;840000;9702597609;S
20240227;100010;0.0236;770000;9702597613;S
20240227;100010;0.023605;1000000;9702597625;B
20240227;100010;0.0236;270000;9702597635;S
20240227;100011;0.023605;60000;9702597720;B
20240227;100011;0.0236;1500000;9702597840;S
20240227;100011;0.023605;10000;9702597844;B
20240227;100011;0.0236;100000;9702597943;S
20240227;100012;0.023605;50000;9702598312;B
20240227;100012;0.0236;5000000;9702598400;S
20240227;100013;0.0236;80000;9702598509;S
20240227;100014;0.023605;2580000;9702598683;B
20240227;100014;0.023605;250000;9702598684;B
20240227;100014;0.023605;2640000;9702598685;B
20240227;100015;0.023605;4530000;9702598969;S
20240227;100015;0.023605;2470000;9702598970;S
20240227;100015;0.023605;5030000;9702598971;S
20240227;100015;0.0236;920000;9702599205;S
20240227;100015;0.0236;10000000;9702599206;S
20240227;100015;0.0236;1500000;9702599207;S
20240227;100015;0.0236;7500000;9702599208;S
20240227;100015;0.023605;600000;9702599209;B
20240227;100015;0.023605;1760000;9702599210;B
20240227;100015;0.023605;140000;9702599211;B
20240227;100015;0.023605;5000000;9702599212;B
20240227;100015;0.023605;2500000;9702599213;B
20240227;100015;0.023605;2500000;9702599214;B
20240227;100015;0.023605;2580000;9702599215;B
20240227;100015;0.023605;2420000;9702599217;S
20240227;100015;0.023605;2420000;9702599218;S
20240227;100015;0.023605;80000;9702599219;S
20240227;100015;0.023605;2340000;9702599220;S
20240227;100015;0.023605;2660000;9702599221;S
20240227;100015;0.023605;5000000;9702599222;S
20240227;100015;0.023605;10000;9702599371;B
20240227;100016;0.023605;9990000;9702599435;B
20240227;100017;0.0236;10000;9702599875;S
20240227;100017;0.023595;10000;9702599876;S
20240227;100017;0.02361;10000;9702599877;B
20240227;100017;0.023605;10000;9702599917;B
20240227;100017;0.023595;10000;9702599918;S
20240227;100018;0.02361;10000;9702599977;B
20240227;100018;0.0236;150000;9702600003;S
20240227;100019;0.0236;1300000;9702600358;S
20240227;100019;0.023595;2930000;9702600359;S
20240227;100019;0.02361;10000000;9702600385;B
20240227;100020;0.0236;10000;9702600441;S
20240227;100020;0.0236;10000;9702600446;S
20240227;100020;0.0236;910000;9702600460;S
20240227;100021;0.0236;10000;9702600827;S
20240227;100022;0.023605;10000;9702601017;B
20240227;100022;0.0236;230000;9702601021;S
20240227;100022;0.0236;8830000;9702601222;S
20240227;100022;0.0236;2000000;9702601223;S
20240227;100024;0.023595;500000;9702601607;S
20240227;100024;0.023605;20000;9702601710;B
20240227;100024;0.023595;1840000;9702601827;S
20240227;100024;0.023595;7500000;9702601828;S
20240227;100024;0.023595;1250000;9702601829;S
20240227;100025;0.023595;1200000;9702601914;B
20240227;100025;0.0236;100000;9702601915;B
20240227;100025;0.0236;3700000;9702601916;S
20240227;100025;0.0236;3700000;9702601917;S
20240227;100025;0.0236;1300000;9702601918;S
20240227;100025;0.0236;730000;9702601919;S
20240227;100025;0.0236;4270000;9702601920;S
20240227;100025;0.02359;8500000;9702602012;S
20240227;100026;0.02359;400000;9702602255;S
20240227;100031;0.0236;20000;9702603452;B
20240227;100031;0.0236;120000;9702603453;B
20240227;100031;0.023605;10000;9702603454;B
20240227;100031;0.023605;110000;9702603455;B
20240227;100031;0.023605;100000;9702603456;B
20240227;100031;0.023605;1290000;9702603457;B
20240227;100031;0.02359;1100000;9702603499;S
20240227;100031;0.02359;2500000;9702603500;S
20240227;100031;0.02359;1400000;9702603501;S
20240227;100031;0.0236;260000;9702603539;B
20240227;100031;0.023605;440000;9702603540;B
20240227;100032;0.0236;60000;9702603747;B
20240227;100032;0.023605;2510000;9702603748;B
20240227;100032;0.023605;10000;9702603749;B
20240227;100032;0.023605;7420000;9702603750;B
20240227;100032;0.02359;10000;9702603855;S
20240227;100033;0.02359;10000;9702604001;S
20240227;100033;0.023595;10000;9702604010;B
20240227;100033;0.023595;10000;9702604079;B
20240227;100034;0.023595;500000;9702604490;B
20240227;100034;0.02359;10000;9702604610;S
20240227;100035;0.02359;570000;9702604799;S
20240227;100035;0.02359;9540000;9702604800;S
20240227;100035;0.02359;10000;9702604935;S
20240227;100035;0.023595;50000;9702605081;B
20240227;100036;0.023595;10000;9702605154;B
20240227;100038;0.02359;20000;9702605788;S
20240227;100040;0.02359;7470000;9702606460;S
20240227;100040;0.02359;5000000;9702606461;S
20240227;100040;0.02359;5000000;9702606462;S
20240227;100040;0.02359;5000000;9702606463;S
20240227;100040;0.02359;50000;9702606464;S
20240227;100040;0.02359;10000000;9702606465;S
20240227;100040;0.02359;9850000;9702606466;S
20240227;100040;0.02359;140000;9702606467;S
20240227;100040;0.023595;30000;9702606468;B
20240227;100040;0.023595;500000;9702606469;B
20240227;100040;0.023595;60000;9702606470;B
20240227;100040;0.023595;10000;9702606471;B
20240227;100040;0.023595;1900000;9702606472;B
20240227;100040;0.02359;10000;9702606504;S
20240227;100041;0.023595;10000;9702606550;B
20240227;100041;0.023595;100000;9702606631;B
20240227;100041;0.02359;20000;9702606632;S
20240227;100042;0.023595;200000;9702606739;B
20240227;100042;0.02359;5000000;9702606886;S
20240227;100043;0.023595;30000;9702607173;B
20240227;100044;0.02359;1000000;9702607274;S
20240227;100045;0.02359;1470000;9702607550;S
20240227;100045;0.02359;2000000;9702607551;S
20240227;100045;0.02359;2500000;9702607552;S
20240227;100045;0.02359;260000;9702607553;S
20240227;100045;0.02359;1000000;9702607554;S
20240227;100045;0.023585;1270000;9702607555;S
20240227;100046;0.02359;7500000;9702607748;S
20240227;100046;0.02359;2500000;9702607749;S
20240227;100046;0.023585;470000;9702607750;S
20240227;100046;0.023585;10000;9702607751;S
20240227;100046;0.023585;10000;9702607752;S
20240227;100046;0.023585;10000;9702607753;S
20240227;100046;0.023585;20000;9702607754;S
20240227;100046;0.023585;50000;9702607755;S
20240227;100046;0.023585;200000;9702607756;S
20240227;100046;0.023585;30000;9702607757;S
20240227;100046;0.023585;600000;9702607758;S
20240227;100046;0.023585;20000;9702607759;S
20240227;100046;0.023585;3030000;9702607760;S
20240227;100046;0.023585;250000;9702607761;S
20240227;100046;0.023585;120000;9702607762;S
20240227;100046;0.023585;20000;9702607763;S
20240227;100046;0.023585;20000;9702607764;S
20240227;100046;0.023585;3570000;9702607765;S
20240227;100046;0.023585;1570000;9702607766;S
20240227;100046;0.023585;3680000;9702607767;S
20240227;100046;0.02359;1960000;9702607768;B
20240227;100046;0.023595;40000;9702607769;B
20240227;100046;0.023595;10000;9702607771;B
20240227;100046;0.023595;790000;9702607772;B
20240227;100046;0.02359;20000;9702607801;S
20240227;100046;0.023595;50000;9702607824;B
20240227;100047;0.02359;10000;9702607985;S
20240227;100047;0.02359;10000;9702608056;S
20240227;100047;0.02359;1200000;9702608093;S
20240227;100048;0.023595;10000;9702608417;B
20240227;100048;0.02359;8760000;9702608463;S
20240227;100048;0.02359;1800000;9702608464;S
20240227;100048;0.02359;9440000;9702608465;S
20240227;100049;0.02359;50000;9702608598;S
20240227;100050;0.023595;1000000;9702609053;B
20240227;100052;0.02359;2000000;9702609376;S
20240227;100052;0.023595;50000;9702609464;B
20240227;100053;0.023595;1100000;9702609878;B
20240227;100054;0.02359;4000000;9702609969;S
20240227;100054;0.02359;10000;9702609970;S
20240227;100054;0.023595;200000;9702610020;B
20240227;100054;0.023595;140000;9702610021;B
20240227;100054;0.023595;10000;9702610022;B
20240227;100054;0.023595;650000;9702610023;B
20240227;100054;0.023595;200000;9702610102;B
20240227;100054;0.023595;160000;9702610103;B
20240227;100054;0.023595;640000;9702610104;B
20240227;100055;0.02359;2000000;9702610360;S
20240227;100057;0.02359;600000;9702610765;S
20240227;100057;0.023595;10000;9702610905;B
20240227;100057;0.02359;1060000;9702610939;S
20240227;100057;0.023595;1350000;9702610940;B
20240227;100057;0.023595;120000;9702610941;B
20240227;100057;0.023595;10000;9702610942;B
20240227;100057;0.023595;10000;9702610943;B
20240227;100057;0.023595;2300000;9702610944;B
20240227;100057;0.023595;1210000;9702610945;B
20240227;100058;0.023595;60000;9702611268;B
20240227;100059;0.023595;10000000;9702611466;B
20240227;100100;0.023595;1000000;9702611519;B
20240227;100100;0.023595;10000;9702611727;B
20240227;100101;0.02359;30000;9702611871;S
20240227;100101;0.023595;10000;9702611982;B
20240227;100102;0.02359;10000;9702612241;S
20240227;100103;0.023595;310000;9702612380;B
20240227;100103;0.02359;2970000;9702612614;S
20240227;100104;0.02359;27830000;9702612664;S
20240227;100104;0.02359;500000;9702612665;S
20240227;100104;0.02359;50000;9702612708;B
20240227;100104;0.02359;50000;9702612745;B
20240227;100104;0.023585;10000;9702612785;S
20240227;100105;0.023585;10000;9702613036;S
20240227;100106;0.02359;10000000;9702613423;B
20240227;100107;0.023585;730000;9702613504;S
20240227;100107;0.023585;1000000;9702613505;S
20240227;100107;0.023585;7500000;9702613506;S
20240227;100107;0.023585;650000;9702613507;S
20240227;100107;0.023585;400000;9702613508;S
20240227;100107;0.023585;500000;9702613509;S
20240227;100107;0.02358;2000000;9702613510;S
20240227;100107;0.02358;690000;9702613511;S
20240227;100107;0.02358;1000000;9702613512;B
20240227;100107;0.02358;530000;9702613513;B
20240227;100107;0.023585;2000000;9702613514;B
20240227;100107;0.023585;2450000;9702613515;B
20240227;100107;0.02359;10000;9702613516;B
20240227;100107;0.02359;1000000;9702613546;B
20240227;100107;0.023585;40000;9702613663;S
20240227;100108;0.02359;10000;9702613789;B
20240227;100108;0.023585;510000;9702613882;S
20240227;100108;0.02358;470000;9702613883;S
20240227;100108;0.02358;2500000;9702613884;S
20240227;100108;0.02358;520000;9702613885;S
20240227;100108;0.02358;40000;9702613943;S
20240227;100108;0.02358;60000;9702614109;S
20240227;100109;0.02358;60000;9702614425;S
20240227;100109;0.02359;20000;9702614457;B
20240227;100110;0.02358;4320000;9702614534;S
20240227;100110;0.02358;500000;9702614535;S
20240227;100110;0.02358;2000000;9702614536;S
20240227;100110;0.02358;100000;9702614537;S
20240227;100110;0.023575;5000000;9702614538;S
20240227;100111;0.02358;190000;9702614746;B
20240227;100111;0.023575;1200000;9702614751;S
20240227;100111;0.023575;1000000;9702614804;S
20240227;100113;0.02358;70000;9702615160;B
20240227;100114;0.02358;3320000;9702615257;B
20240227;100114;0.02358;1680000;9702615258;B
20240227;100114;0.02358;320000;9702615259;B
20240227;100114;0.02358;80000;9702615260;B
20240227;100118;0.02358;40000;9702616034;B
20240227;100118;0.023575;200000;9702616060;S
20240227;100119;0.023575;20000;9702616287;S
20240227;100119;0.02358;1760000;9702616312;B
20240227;100119;0.02358;10000;9702616340;B
20240227;100120;0.02358;10000;9702616517;B
20240227;100120;0.02358;1890000;9702616524;B
20240227;100120;0.02358;40000;9702616641;B
20240227;100121;0.023575;10000;9702616912;S
20240227;100122;0.02358;20000;9702617044;B
20240227;100122;0.02358;90000;9702617097;B
20240227;100123;0.02358;20000;9702617148;B
20240227;100123;0.02358;10000;9702617173;B
20240227;100123;0.023575;450000;9702617196;S
20240227;100123;0.02358;110000;9702617340;B
20240227;100124;0.02358;20000;9702617427;B
20240227;100124;0.02358;20000;9702617469;B
20240227;100124;0.023575;20000;9702617479;S
20240227;100124;0.02358;50000;9702617563;B
20240227;100125;0.02358;10000;9702617617;B
20240227;100125;0.023575;990000;9702617626;S
20240227;100125;0.023575;2910000;9702617630;S
20240227;100125;0.023575;2000000;9702617631;S
20240227;100125;0.023575;10090000;9702617632;S
20240227;100125;0.02358;20000;9702617654;B
20240227;100126;0.02358;10000;9702617809;B
20240227;100127;0.02358;420000;9702617964;B
20240227;100127;0.02358;10000;9702617973;B
20240227;100129;0.02358;450000;9702618284;B
20240227;100129;0.02358;170000;9702618285;B
20240227;100130;0.023575;13720000;9702618476;S
20240227;100131;0.02358;10000;9702618721;B
20240227;100132;0.02358;420000;9702618848;B
20240227;100132;0.023585;500000;9702618849;B
20240227;100132;0.023585;250000;9702618850;B
20240227;100133;0.023585;500000;9702619170;S
20240227;100136;0.02359;20000;9702619975;B
20240227;100137;0.02359;10000;9702620154;B
20240227;100138;0.023585;3330000;9702620331;S
20240227;100138;0.02358;9420000;9702620332;S
20240227;100138;0.02358;1500000;9702620333;S
20240227;100138;0.023575;6190000;9702620334;S
20240227;100138;0.023575;400000;9702620335;S
20240227;100138;0.023575;5000000;9702620336;S
20240227;100138;0.023575;2000000;9702620337;S
20240227;100138;0.02357;20000;9702620338;S
20240227;100138;0.02357;5000000;9702620339;S
20240227;100138;0.02357;7500000;9702620340;S
20240227;100138;0.02357;4240000;9702620341;S
20240227;100138;0.02357;5400000;9702620342;S
20240227;100139;0.02357;340000;9702620499;S
20240227;100141;0.023575;10000;9702620838;S
20240227;100141;0.02357;820000;9702620839;S
20240227;100142;0.02359;460000;9702620969;B
20240227;100143;0.02357;2000000;9702621084;S
20240227;100143;0.02357;3850000;9702621085;S
20240227;100144;0.02359;10040000;9702621286;B
20240227;100144;0.02359;2000000;9702621287;B
20240227;100145;0.02359;3960000;9702621346;S
20240227;100148;0.02358;60000;9702622167;B
20240227;100148;0.02357;500000;9702622189;S
20240227;100148;0.02358;10000;9702622315;B
20240227;100149;0.02358;20000;9702622496;B
20240227;100150;0.023585;20000;9702622686;B
20240227;100150;0.023585;120000;9702622745;B
20240227;100151;0.023585;570000;9702622829;B
20240227;100151;0.023585;170000;9702622830;B
20240227;100151;0.02359;5000000;9702622831;B
20240227;100151;0.023585;1020000;9702622832;S
20240227;100151;0.023585;3240000;9702622907;S
20240227;100151;0.023585;1760000;9702622908;S
20240227;100152;0.02359;1040000;9702623012;B
20240227;100152;0.023595;640000;9702623013;B
20240227;100152;0.02359;80000;9702623079;S
20240227;100152;0.02359;100000;9702623111;S
20240227;100153;0.02359;4000000;9702623177;S
20240227;100154;0.023595;50000;9702623347;B
20240227;100154;0.02359;130000;9702623427;S
20240227;100155;0.023595;20000;9702623601;B
20240227;100157;0.023595;50000;9702623903;B
20240227;100158;0.02359;1000000;9702623973;S
20240227;100159;0.023595;10000;9702624262;B
20240227;100200;0.023595;450000;9702624341;B
20240227;100202;0.02359;4690000;9702624919;S
20240227;100202;0.02359;2000000;9702624920;S
20240227;100202;0.02359;4000000;9702624921;S
20240227;100202;0.023585;3240000;9702624922;S
20240227;100202;0.023585;10000000;9702624923;S
20240227;100202;0.023585;570000;9702624924;S
20240227;100203;0.023595;20000;9702624964;B
20240227;100203;0.023595;2380000;9702625015;B
20240227;100203;0.023595;10000;9702625037;B
20240227;100204;0.02359;440000;9702625156;S
20240227;100205;0.023595;40000;9702625270;B
20240227;100207;0.02359;30000;9702625825;S
20240227;100208;0.023595;10000;9702626075;B
20240227;100208;0.023585;910000;9702626234;S
20240227;100212;0.023585;10000;9702627078;S
20240227;100212;0.023585;20000;9702627137;S
20240227;100214;0.023585;2130000;9702627490;S
20240227;100214;0.023585;200000;9702627590;S
20240227;100214;0.023585;430000;9702627634;S
20240227;100215;0.023585;5000000;9702627699;S
20240227;100215;0.023585;170000;9702627774;S
20240227;100215;0.023585;560000;9702627791;S
20240227;100215;0.023585;3390000;9702627792;S
20240227;100215;0.023585;80000;9702627816;S
20240227;100216;0.023585;260000;9702627907;S
20240227;100216;0.023585;80000;9702628048;S
20240227;100217;0.02359;200000;9702628348;B
20240227;100218;0.023585;90000;9702628492;S
20240227;100220;0.02359;30000;9702628923;B
20240227;100220;0.023585;110000;9702629096;S
20240227;100220;0.02359;60000;9702629103;B
20240227;100223;0.02359;10000;9702629863;B
20240227;100223;0.02359;10000;9702629878;B
20240227;100224;0.023585;10000;9702630139;S
20240227;100224;0.023585;10000;9702630146;S
20240227;100225;0.023585;250000;9702630243;S
20240227;100225;0.023585;10000;9702630244;S
20240227;100225;0.02359;90000;9702630259;B
20240227;100225;0.02359;1860000;9702630260;B
20240227;100225;0.02359;1050000;9702630261;B
20240227;100225;0.023585;70000;9702630313;S
20240227;100226;0.023585;19000000;9702630437;S
20240227;100226;0.023585;10000;9702630442;S
20240227;100226;0.023595;3720000;9702630479;B
20240227;100226;0.023595;10000;9702630480;B
20240227;100226;0.023595;160000;9702630481;B
20240227;100227;0.023585;80000;9702630804;S
20240227;100228;0.023585;30000;9702630991;S
20240227;100228;0.02359;20000;9702631024;B
20240227;100229;0.02359;2800000;9702631075;B
20240227;100229;0.02359;500000;9702631116;B
20240227;100230;0.023585;100000;9702631415;S
20240227;100231;0.023585;80000;9702631537;S
20240227;100231;0.023585;20000;9702631665;S
20240227;100232;0.02359;200000;9702631869;B
20240227;100232;0.02359;460000;9702631895;B
20240227;100233;0.023585;300000;9702631999;S
20240227;100233;0.02359;10000;9702632235;B
20240227;100234;0.02359;70000;9702632275;B
20240227;100235;0.02359;10000;9702632679;B
20240227;100236;0.02359;190000;9702632680;B
20240227;100236;0.02359;500000;9702632760;B
20240227;100236;0.02359;10000;9702632761;B
20240227;100236;0.02359;10000;9702632862;B
20240227;100237;0.02359;20000;9702632967;B
20240227;100238;0.023585;10000;9702633025;S
20240227;100239;0.02359;10000;9702633208;B
20240227;100240;0.023585;20000;9702633515;S
20240227;100241;0.02359;1790000;9702633549;B
20240227;100241;0.02359;50000;9702633550;B
20240227;100241;0.02359;1160000;9702633551;B
20240227;100242;0.023595;2000000;9702633764;B
20240227;100242;0.0236;250000;9702633765;B
20240227;100242;0.0236;1610000;9702633766;B
20240227;100242;0.023585;100000;9702633811;S
20240227;100245;0.023585;200000;9702634305;S
20240227;100245;0.02359;1000000;9702634324;B
20240227;100245;0.023595;1790000;9702634325;B
20240227;100245;0.0236;390000;9702634326;B
20240227;100245;0.0236;370000;9702634327;B
20240227;100245;0.0236;1450000;9702634328;B
20240227;100246;0.0236;40000;9702634459;B
20240227;100247;0.023585;20000;9702634648;S
20240227;100249;0.02359;30000;9702634928;S
20240227;100249;0.023585;40000;9702634929;S
20240227;100251;0.0236;500000;9702635306;B
20240227;100251;0.02359;20000;9702635318;S
20240227;100253;0.02359;100000;9702635621;S
20240227;100253;0.02359;10000;9702635812;S
20240227;100253;0.023595;400000;9702635843;B
20240227;100254;0.02359;2000000;9702635928;S
20240227;100257;0.023595;10000;9702636370;B
20240227;100257;0.02359;430000;9702636436;S
20240227;100258;0.023595;1590000;9702636597;B
20240227;100258;0.023595;1730000;9702636598;B
20240227;100258;0.023595;8860000;9702636599;B
20240227;100258;0.0236;6010000;9702636600;B
20240227;100258;0.0236;30000;9702636601;B
20240227;100258;0.0236;500000;9702636602;B
20240227;100258;0.0236;70000;9702636603;B
20240227;100258;0.0236;6300000;9702636604;B
20240227;100258;0.0236;500000;9702636605;B
20240227;100258;0.023605;10000;9702636606;B
20240227;100258;0.023605;2500000;9702636607;B
20240227;100258;0.023605;500000;9702636608;B
20240227;100258;0.023605;12720000;9702636609;B
20240227;100258;0.02361;6370000;9702636610;B
20240227;100300;0.023595;10000;9702636933;B
20240227;100301;0.023595;1000000;9702637143;B
20240227;100302;0.023595;20000;9702637241;B
20240227;100302;0.023595;1400000;9702637304;B
20240227;100303;0.023595;1300000;9702637352;B
20240227;100303;0.023595;1270000;9702637362;B
20240227;100303;0.0236;2000000;9702637363;B
20240227;100303;0.0236;8620000;9702637364;B
20240227;100303;0.023605;8110000;9702637365;B
20240227;100304;0.023605;10000;9702637693;B
20240227;100305;0.023595;20000;9702637800;S
20240227;100307;0.0236;10000;9702638253;B
20240227;100307;0.023605;40000;9702638254;B
20240227;100307;0.023605;120000;9702638339;B
20240227;100309;0.0236;5360000;9702638763;S
20240227;100309;0.02361;40000;9702638834;B
20240227;100310;0.0236;100000;9702638925;S
20240227;100310;0.0236;5000000;9702639063;S
20240227;100311;0.02361;20000;9702639227;B
20240227;100314;0.0236;440000;9702640053;S
20240227;100317;0.02361;10000000;9702640639;B
20240227;100318;0.02361;40000;9702640782;B
20240227;100320;0.02361;1670000;9702641152;B
20240227;100321;0.02361;50000;9702641155;B
20240227;100322;0.02361;30000;9702641385;B
20240227;100323;0.02361;10000;9702641674;B
20240227;100324;0.02361;10000000;9702641888;B
20240227;100325;0.02361;10000;9702641949;B
20240227;100325;0.02361;20000;9702642117;B
20240227;100325;0.0236;20000;9702642119;S
20240227;100326;0.0236;2000000;9702642413;S
20240227;100327;0.0236;290000;9702642500;S
20240227;100327;0.02361;220000;9702642639;B
20240227;100328;0.02361;100000;9702642862;B
20240227;100329;0.02361;80000;9702642988;B
20240227;100329;0.02361;100000;9702643012;B
20240227;100329;0.02361;420000;9702643014;B
20240227;100329;0.02361;40000;9702643021;B
20240227;100329;0.02361;20000;9702643041;B
20240227;100329;0.02361;820000;9702643058;B
20240227;100329;0.02361;80000;9702643064;B
20240227;100329;0.02361;100000;9702643070;B
20240227;100329;0.02361;40000;9702643071;B
20240227;100329;0.02361;200000;9702643076;B
20240227;100329;0.02361;100000;9702643093;B
20240227;100329;0.02361;80000;9702643094;B
20240227;100329;0.02361;140000;9702643145;B
20240227;100329;0.02361;200000;9702643147;B
20240227;100329;0.02361;200000;9702643151;B
20240227;100329;0.02361;40000;9702643152;B
20240227;100329;0.02361;20000;9702643157;B
20240227;100329;0.02361;200000;9702643158;B
20240227;100330;0.02361;160000;9702643162;B
20240227;100330;0.02361;460000;9702643169;B
20240227;100330;0.02361;120000;9702643171;B
20240227;100330;0.02361;200000;9702643173;B
20240227;100330;0.02361;80000;9702643174;B
20240227;100330;0.02361;100000;9702643180;B
20240227;100330;0.02361;80000;9702643187;B
20240227;100330;0.02361;160000;9702643189;B
20240227;100330;0.02361;80000;9702643191;B
20240227;100330;0.02361;40000;9702643192;B
20240227;100330;0.02361;180000;9702643193;B
20240227;100330;0.02361;100000;9702643194;B
20240227;100330;0.02361;100000;9702643196;B
20240227;100330;0.02361;10000;9702643208;B
20240227;100330;0.02361;60000;9702643217;B
20240227;100330;0.02361;140000;9702643221;B
20240227;100330;0.02361;240000;9702643237;B
20240227;100330;0.02361;20000;9702643238;B
20240227;100330;0.02361;140000;9702643306;B
20240227;100331;0.02361;20000;9702643363;B
20240227;100332;0.0236;10000;9702643662;S
20240227;100333;0.0236;100000;9702643835;S
20240227;100335;0.02361;10000000;9702644157;B
20240227;100335;0.02361;310000;9702644218;B
20240227;100335;0.02361;50000;9702644219;B
20240227;100335;0.02361;10000;9702644220;B
20240227;100335;0.02361;20000;9702644221;B
20240227;100335;0.023615;100000;9702644222;B
20240227;100335;0.023615;10000;9702644223;B
20240227;100335;0.023615;10000;9702644224;B
20240227;100335;0.023615;30000;9702644225;B
20240227;100335;0.023615;460000;9702644226;B
20240227;100336;0.023615;10000;9702644341;B
20240227;100336;0.023615;300000;9702644343;B
20240227;100336;0.023615;230000;9702644361;B
20240227;100336;0.023615;400000;9702644362;B
20240227;100336;0.023615;120000;9702644363;B
20240227;100336;0.023615;1910000;9702644364;B
20240227;100336;0.02362;10000;9702644365;B
20240227;100336;0.02362;10000000;9702644366;B
20240227;100336;0.02362;40000;9702644367;B
20240227;100336;0.02362;50000;9702644368;B
20240227;100336;0.02362;2240000;9702644369;B
20240227;100336;0.023615;80000;9702644481;B
20240227;100336;0.023615;1660000;9702644482;B
20240227;100336;0.023615;2000000;9702644483;B
20240227;100336;0.023615;8410000;9702644484;B
20240227;100336;0.02362;13650000;9702644485;B
20240227;100336;0.02362;10000;9702644486;B
20240227;100336;0.023625;20000;9702644487;B
20240227;100336;0.023625;10000;9702644488;B
20240227;100336;0.023625;200000;9702644489;B
20240227;100336;0.023625;25000000;9702644490;B
20240227;100336;0.023625;500000;9702644491;B
20240227;100336;0.023625;5460000;9702644492;B
20240227;100337;0.023625;50000000;9702644509;B
20240227;100337;0.023625;10000;9702644532;B
20240227;100337;0.023625;1200000;9702644533;B
20240227;100337;0.023625;500000;9702644619;B
20240227;100337;0.02362;5100000;9702644654;S
20240227;100338;0.023625;2790000;9702644741;B
20240227;100338;0.023625;100000;9702644742;B
20240227;100338;0.02363;200000;9702644743;B
20240227;100338;0.02363;50000;9702644744;B
20240227;100338;0.02363;860000;9702644745;B
20240227;100338;0.02363;1000000;9702644746;B
20240227;100338;0.02363;4290000;9702644789;B
20240227;100339;0.023625;10000;9702644894;S
20240227;100339;0.02363;2000000;9702644938;B
20240227;100339;0.023625;10000;9702644940;S
20240227;100340;0.023625;90000;9702645105;S
20240227;100340;0.02363;4000000;9702645175;B
20240227;100340;0.02363;2850000;9702645179;B
20240227;100340;0.02363;50000;9702645180;B
20240227;100340;0.02363;10000;9702645181;B
20240227;100340;0.02363;3500000;9702645182;B
20240227;100340;0.02363;200000;9702645183;B
20240227;100340;0.02363;10000;9702645184;B
20240227;100340;0.02363;1730000;9702645185;B
20240227;100340;0.02363;8760000;9702645186;B
20240227;100340;0.023635;100000;9702645187;B
20240227;100340;0.023635;3640000;9702645188;B
20240227;100341;0.02363;1000000;9702645314;B
20240227;100341;0.023625;1000000;9702645422;S
20240227;100343;0.023625;200000;9702645703;S
20240227;100345;0.02363;40000;9702646042;B
20240227;100345;0.02363;10000;9702646058;B
20240227;100347;0.02363;1000000;9702646552;B
20240227;100350;0.02363;10000;9702647090;B
20240227;100350;0.023625;10000;9702647097;S
20240227;100350;0.023625;40000;9702647139;S
20240227;100353;0.02363;10000;9702647618;B
20240227;100354;0.02363;50000;9702647690;B
20240227;100354;0.023635;950000;9702647691;B
20240227;100355;0.023635;410000;9702647891;B
20240227;100355;0.023635;10000;9702647892;B
20240227;100355;0.023635;200000;9702647893;B
20240227;100355;0.023635;3500000;9702647894;B
20240227;100355;0.023635;2000000;9702647895;B
20240227;100355;0.023635;4250000;9702647896;B
20240227;100355;0.023635;1200000;9702647897;B
20240227;100355;0.023635;6320000;9702647898;B
20240227;100355;0.023635;8820000;9702647899;B
20240227;100355;0.02364;200000;9702647900;B
20240227;100355;0.02364;300000;9702647901;B
20240227;100355;0.02364;500000;9702647902;B
20240227;100355;0.02364;1000000;9702647903;B
20240227;100355;0.02364;10000;9702647904;B
20240227;100355;0.02364;200000;9702647905;B
20240227;100355;0.02364;10000;9702647906;B
20240227;100355;0.02364;100000;9702647907;B
20240227;100355;0.02364;1000000;9702647908;B
20240227;100355;0.02364;460000;9702647909;B
20240227;100355;0.02364;6000000;9702647910;B
20240227;100355;0.02364;60000;9702647911;B
20240227;100355;0.02364;13450000;9702647912;B
20240227;100355;0.02363;10000;9702647916;S
20240227;100355;0.02364;40000;9702647996;B
20240227;100356;0.02364;2360000;9702648064;B
20240227;100356;0.02364;19030000;9702648065;B
20240227;100356;0.02364;2000000;9702648066;B
20240227;100356;0.02364;1780000;9702648067;B
20240227;100356;0.02364;10000;9702648068;B
20240227;100356;0.02364;4000000;9702648069;B
20240227;100356;0.02364;4240000;9702648070;B
20240227;100356;0.02364;10000;9702648071;B
20240227;100356;0.023645;16570000;9702648072;B
20240227;100356;0.023635;10000;9702648076;B
20240227;100356;0.02364;120000;9702648077;B
20240227;100357;0.023625;50000;9702648156;S
20240227;100357;0.023625;90000;9702648455;S
20240227;100358;0.023635;10000;9702648534;B
20240227;100358;0.023635;20000;9702648535;B
20240227;100358;0.02364;550000;9702648536;B
20240227;100359;0.023625;1500000;9702648748;S
20240227;100359;0.02363;840000;9702648922;S
20240227;100400;0.02363;10000;9702649140;S
20240227;100401;0.02364;1650000;9702649233;B
20240227;100401;0.02364;10000;9702649384;B
20240227;100401;0.02364;20000;9702649389;B
20240227;100402;0.02364;200000;9702649454;B
20240227;100402;0.023635;10000;9702649491;S
20240227;100403;0.02364;20000;9702649602;B
20240227;100403;0.02364;2500000;9702649638;B
20240227;100403;0.023635;40000;9702649717;S
20240227;100403;0.02364;2750000;9702649719;B
20240227;100404;0.02364;10000;9702649865;B
20240227;100406;0.02364;5000000;9702650163;B
20240227;100406;0.023635;100000;9702650193;S
20240227;100406;0.02364;20000;9702650200;B
20240227;100406;0.023635;890000;9702650246;S
20240227;100406;0.023635;1400000;9702650266;S
20240227;100407;0.02364;100000;9702650518;B
20240227;100407;0.02364;50000;9702650523;B
20240227;100407;0.02364;1500000;9702650527;B
20240227;100407;0.02364;160000;9702650554;B
20240227;100408;0.02364;5000000;9702650584;B
20240227;100408;0.02363;1000000;9702650614;S
20240227;100408;0.02364;5010000;9702650712;B
20240227;100409;0.02364;330000;9702650869;B
20240227;100409;0.02364;170000;9702650870;B
20240227;100409;0.02364;5000000;9702650871;B
20240227;100409;0.02364;20000;9702650872;B
20240227;100409;0.02364;2000000;9702650873;B
20240227;100409;0.023645;29750000;9702650874;B
20240227;100409;0.023645;780000;9702650927;B
20240227;100409;0.023645;220000;9702650928;B
20240227;100410;0.023645;20000;9702650978;B
20240227;100410;0.02364;210000;9702651095;S
20240227;100410;0.02364;40000;9702651137;S
20240227;100410;0.023645;2000000;9702651156;B
20240227;100411;0.023645;10000;9702651326;B
20240227;100412;0.023645;10000;9702651339;B
20240227;100412;0.02364;700000;9702651365;S
20240227;100413;0.02364;1900000;9702651585;S
20240227;100413;0.023645;20000;9702651638;B
20240227;100414;0.023645;2720000;9702651730;B
20240227;100414;0.023645;10000;9702651731;B
20240227;100414;0.023645;10000;9702651732;B
20240227;100414;0.023645;50000;9702651733;B
20240227;100414;0.023645;30000000;9702651734;B
20240227;100414;0.023645;1810000;9702651735;B
20240227;100414;0.023645;9060000;9702651736;B
20240227;100414;0.023645;2000000;9702651737;B
20240227;100414;0.023645;4340000;9702651738;B
20240227;100414;0.02364;20000;9702651806;S
20240227;100414;0.023645;100000;9702651878;B
20240227;100415;0.02364;130000;9702652010;S
20240227;100415;0.02364;2000000;9702652011;S
20240227;100415;0.023635;1810000;9702652012;S
20240227;100415;0.023635;6060000;9702652013;S
20240227;100415;0.023635;40000;9702652114;S
20240227;100416;0.023635;80000;9702652172;S
20240227;100416;0.023645;10000;9702652249;B
20240227;100417;0.023645;1000000;9702652347;B
20240227;100417;0.023645;4550000;9702652427;B
20240227;100417;0.023645;10000;9702652428;B
20240227;100417;0.023645;20000;9702652429;B
20240227;100417;0.023645;10000;9702652430;B
20240227;100417;0.023645;10000;9702652431;B
20240227;100417;0.023645;30000;9702652432;B
20240227;100417;0.023645;10000;9702652433;B
20240227;100417;0.023645;10000;9702652434;B
20240227;100417;0.023645;10000;9702652435;B
20240227;100417;0.023645;350000;9702652436;B
20240227;100417;0.023645;100000;9702652442;B
20240227;100418;0.023645;1000000;9702652726;B
20240227;100418;0.02365;3000000;9702652727;B
20240227;100418;0.02365;5000000;9702652752;B
20240227;100418;0.02364;960000;9702652773;S
20240227;100418;0.02365;16500000;9702652840;B
20240227;100418;0.02365;250000;9702652878;B
20240227;100419;0.02364;200000;9702652995;S
20240227;100420;0.02365;22450000;9702653324;B
20240227;100420;0.02365;50000;9702653325;B
20240227;100420;0.02365;60000;9702653326;B
20240227;100420;0.02365;27440000;9702653327;B
20240227;100420;0.02364;10000;9702653382;S
20240227;100421;0.02364;10000;9702653506;S
20240227;100421;0.02365;30000;9702653622;B
20240227;100422;0.02365;110000;9702653637;B
20240227;100422;0.02365;120000;9702653726;B
20240227;100422;0.02365;2300000;9702653818;B
20240227;100422;0.02365;50000;9702653819;B
20240227;100422;0.02365;10000;9702653820;B
20240227;100422;0.02365;200000;9702653821;B
20240227;100422;0.02365;100000;9702653822;B
20240227;100422;0.02365;400000;9702653823;B
20240227;100422;0.02365;2000000;9702653824;B
20240227;100422;0.02365;10000;9702653825;B
20240227;100422;0.02365;1000000;9702653826;B
20240227;100422;0.02365;10000;9702653827;B
20240227;100422;0.02365;30000;9702653828;B
20240227;100422;0.02365;2700000;9702653829;B
20240227;100422;0.02365;50000;9702653830;B
20240227;100422;0.02365;50000;9702653831;B
20240227;100422;0.023655;10000;9702653832;B
20240227;100422;0.023655;10000;9702653833;B
20240227;100422;0.023655;10000;9702653834;B
20240227;100422;0.023655;600000;9702653835;B
20240227;100422;0.023655;2000000;9702653836;B
20240227;100422;0.023655;1820000;9702653837;B
20240227;100422;0.023655;100000;9702653838;B
20240227;100422;0.023655;270000;9702653839;B
20240227;100423;0.023645;1500000;9702653877;S
20240227;100423;0.023655;200000;9702653923;B
20240227;100423;0.023655;50000;9702654004;B
20240227;100424;0.023645;60000;9702654070;S
20240227;100424;0.023645;20000;9702654091;S
20240227;100424;0.023655;10000;9702654092;B
20240227;100424;0.023645;420000;9702654225;S
20240227;100424;0.023645;580000;9702654226;S
20240227;100424;0.023645;90000;9702654287;S
20240227;100425;0.023645;320000;9702654450;S
20240227;100425;0.023645;4010000;9702654491;S
20240227;100425;0.023645;2000000;9702654492;S
20240227;100425;0.02364;1620000;9702654493;S
20240227;100425;0.02364;2370000;9702654494;S
20240227;100426;0.02364;60000;9702654621;S
20240227;100428;0.023635;40000;9702654962;S
20240227;100429;0.023635;20000;9702655162;S
20240227;100429;0.02364;10000;9702655241;S
20240227;100429;0.023635;150000;9702655242;S
20240227;100429;0.023635;2000000;9702655275;S
20240227;100430;0.023645;10000;9702655434;B
20240227;100430;0.023645;90000;9702655479;B
20240227;100430;0.023645;1000000;9702655480;B
20240227;100430;0.02365;1000000;9702655481;B
20240227;100430;0.02365;2000000;9702655482;B
20240227;100430;0.023655;4440000;9702655483;B
20240227;100430;0.023655;10000;9702655484;B
20240227;100430;0.023655;2000000;9702655485;B
20240227;100430;0.023655;3160000;9702655486;B
20240227;100430;0.023655;10000;9702655487;B
20240227;100430;0.02366;100000;9702655488;B
20240227;100430;0.02366;500000;9702655489;B
20240227;100430;0.02366;10000;9702655490;B
20240227;100430;0.02366;10000;9702655491;B
20240227;100430;0.02366;12720000;9702655492;B
20240227;100430;0.02366;22630000;9702655493;B
20240227;100430;0.02366;1000000;9702655494;B
20240227;100430;0.02366;6050000;9702655495;B
20240227;100430;0.02366;4240000;9702655496;B
20240227;100431;0.02366;10000;9702655552;S
20240227;100431;0.023665;10000;9702655574;B
20240227;100431;0.023665;240000;9702655575;B
20240227;100431;0.023665;9760000;9702655577;B
20240227;100431;0.023665;1000000;9702655578;B
20240227;100431;0.023665;240000;9702655579;B
20240227;100431;0.023665;4230000;9702655593;B
20240227;100431;0.02366;100000;9702655630;S
20240227;100431;0.023665;10590000;9702655645;B
20240227;100431;0.02366;30000;9702655672;S
20240227;100431;0.02366;10000;9702655756;S
20240227;100431;0.02366;10000;9702655761;S
20240227;100432;0.02366;150000;9702655772;S
20240227;100432;0.023665;200000;9702655808;B
20240227;100432;0.023665;1500000;9702655815;B
20240227;100432;0.02366;10000;9702655839;S
20240227;100432;0.023665;70000;9702655895;B
20240227;100433;0.023665;5000000;9702656038;B
20240227;100433;0.02366;10000;9702656044;S
20240227;100433;0.02366;10000;9702656139;S
20240227;100434;0.023665;1600000;9702656196;B
20240227;100434;0.02366;10000000;9702656267;S
20240227;100435;0.023665;1200000;9702656401;B
20240227;100435;0.023665;45360000;9702656432;B
20240227;100435;0.023665;20000;9702656433;B
20240227;100435;0.023665;6000000;9702656434;B
20240227;100435;0.023665;9970000;9702656435;B
20240227;100435;0.023665;12720000;9702656436;B
20240227;100435;0.023665;40000;9702656437;B
20240227;100435;0.02367;200000;9702656438;B
20240227;100435;0.02367;100000;9702656439;B
20240227;100435;0.02367;25590000;9702656440;B
20240227;100435;0.02367;5000000;9702656612;B
20240227;100435;0.02367;40000;9702656638;B
20240227;100436;0.02367;10000;9702656723;B
20240227;100436;0.023665;10000;9702656741;S
20240227;100436;0.023665;40000;9702656742;S
20240227;100436;0.023665;1960000;9702656745;S
20240227;100436;0.023665;5000000;9702656746;S
20240227;100436;0.02366;3040000;9702656747;S
20240227;100437;0.02367;100000;9702656911;B
20240227;100437;0.023665;10000;9702656995;S
20240227;100437;0.023665;30000;9702657006;S
20240227;100437;0.02366;2080000;9702657007;S
20240227;100438;0.02367;10000000;9702657130;B
20240227;100438;0.02367;50000;9702657207;B
20240227;100439;0.023665;10000;9702657235;S
20240227;100439;0.02367;10000;9702657319;B
20240227;100439;0.02367;60000;9702657328;B
20240227;100439;0.023665;30000;9702657361;S
20240227;100439;0.023665;40000;9702657362;S
20240227;100439;0.02367;2000000;9702657391;B
20240227;100440;0.02367;10000;9702657484;B
20240227;100440;0.023665;10000;9702657505;S
20240227;100440;0.023665;4990000;9702657506;S
20240227;100441;0.02367;500000;9702657641;B
20240227;100441;0.023665;10000;9702657761;S
20240227;100441;0.02366;190000;9702657762;S
20240227;100441;0.02367;10000;9702657770;B
20240227;100441;0.02367;2000000;9702657780;B
20240227;100441;0.02366;300000;9702657803;S
20240227;100442;0.02367;2500000;9702658084;B
20240227;100442;0.02367;70000;9702658095;B
20240227;100444;0.02367;910000;9702658388;B
20240227;100445;0.023665;600000;9702658573;S
20240227;100445;0.023665;50000;9702658574;S
20240227;100445;0.023665;50000;9702658575;S
20240227;100445;0.023665;50000;9702658576;S
20240227;100445;0.023665;50000;9702658577;S
20240227;100445;0.02366;49200000;9702658578;S
20240227;100445;0.023665;1160000;9702658580;B
20240227;100446;0.023665;30000;9702658745;B
20240227;100446;0.023665;500000;9702658977;B
20240227;100448;0.023665;20000;9702659247;B
20240227;100448;0.02366;10250000;9702659294;S
20240227;100449;0.02366;40000;9702659579;S
20240227;100450;0.02366;51090000;9702659622;S
20240227;100450;0.02366;30000;9702659633;S
20240227;100450;0.023665;1000000;9702659704;B
20240227;100450;0.023665;500000;9702659723;B
20240227;100450;0.023665;100000;9702659748;B
20240227;100451;0.02366;60000;9702659810;S
20240227;100451;0.023665;10000;9702659865;B
20240227;100451;0.023665;1000000;9702659881;B
20240227;100451;0.023665;5000000;9702659923;B
20240227;100452;0.02366;4440000;9702659947;S
20240227;100452;0.02366;7970000;9702660072;S
20240227;100452;0.02366;50000;9702660073;S
20240227;100452;0.02366;50000;9702660074;S
20240227;100452;0.02366;50000;9702660075;S
20240227;100452;0.02366;130000;9702660076;S
20240227;100452;0.02366;1000000;9702660077;S
20240227;100452;0.02366;200000;9702660078;S
20240227;100452;0.02366;10000;9702660170;B
20240227;100453;0.023655;110000;9702660250;S
20240227;100453;0.023655;500000;9702660263;S
20240227;100453;0.023655;500000;9702660264;S
20240227;100453;0.023655;60000;9702660325;S
20240227;100454;0.023655;440000;9702660429;S
20240227;100454;0.023655;300000;9702660430;S
20240227;100454;0.02365;50000;9702660431;S
20240227;100454;0.02365;10000;9702660432;S
20240227;100454;0.02365;300000;9702660433;S
20240227;100454;0.023645;2000000;9702660434;S
20240227;100454;0.02364;30000;9702660435;S
20240227;100454;0.02364;500000;9702660436;S
20240227;100454;0.02364;1370000;9702660437;S
20240227;100454;0.023655;100000;9702660473;B
20240227;100455;0.023655;500000;9702660508;B
20240227;100456;0.023655;30000;9702660667;B
20240227;100456;0.023655;300000;9702660792;B
20240227;100457;0.023655;500000;9702660888;B
20240227;100457;0.023655;2170000;9702660933;B
20240227;100457;0.023655;2830000;9702660934;B
20240227;100458;0.02366;250000;9702661072;B
20240227;100458;0.02365;2500000;9702661134;S
20240227;100458;0.023665;50000;9702661174;B
20240227;100458;0.023665;50000;9702661175;B
20240227;100459;0.023665;590000;9702661265;B
20240227;100459;0.023665;1000000;9702661311;B
20240227;100459;0.02366;190000;9702661347;B
20240227;100459;0.02366;50000;9702661416;B
20240227;100500;0.02366;20000;9702661538;B
20240227;100501;0.02366;100000;9702661738;B
20240227;100502;0.023655;150000;9702661767;S
20240227;100502;0.02366;310000;9702661827;B
20240227;100502;0.023655;280000;9702661896;S
20240227;100503;0.02366;40000;9702661965;B
20240227;100504;0.02366;1380000;9702662211;B
20240227;100504;0.02366;2850000;9702662212;B
20240227;100504;0.02366;150000;9702662389;B
20240227;100504;0.02366;10000;9702662390;B
20240227;100504;0.02366;1840000;9702662391;B
20240227;100505;0.02366;90000;9702662491;B
20240227;100506;0.02366;20000;9702662706;B
20240227;100506;0.023655;100000;9702662896;S
20240227;100506;0.02366;140000;9702662941;B
20240227;100506;0.023665;280000;9702662942;B
20240227;100508;0.02366;500000;9702663432;B
20240227;100508;0.023655;10000;9702663446;S
20240227;100509;0.023665;10000;9702663612;B
20240227;100510;0.02366;20000;9702663740;B
20240227;100510;0.02366;120000;9702663872;B
20240227;100511;0.02366;100000;9702663943;B
20240227;100511;0.02366;10000;9702663947;B
20240227;100512;0.02366;200000;9702664087;B
20240227;100512;0.02366;50000;9702664137;B
20240227;100513;0.023655;30000;9702664257;S
20240227;100514;0.023655;40000;9702664387;S
20240227;100514;0.02366;10000;9702664409;B
20240227;100515;0.023655;390000;9702664602;S
20240227;100515;0.023655;500000;9702664603;S
20240227;100515;0.02365;34110000;9702664604;S
20240227;100517;0.02365;13390000;9702665058;S
20240227;100517;0.02365;7760000;9702665059;S
20240227;100518;0.023655;10000;9702665226;B
20240227;100518;0.02365;12240000;9702665245;S
20240227;100519;0.02364;5000000;9702665338;S
20240227;100519;0.02364;10000;9702665339;S
20240227;100519;0.02364;16140000;9702665340;S
20240227;100521;0.023645;60000;9702665976;B
20240227;100521;0.02364;530000;9702665978;S
20240227;100521;0.02364;21150000;9702666089;S
20240227;100521;0.023645;40000;9702666101;B
20240227;100523;0.023645;250000;9702666312;B
20240227;100523;0.023645;20000;9702666313;B
20240227;100524;0.02364;250000;9702666544;S
20240227;100524;0.02364;30000;9702666553;S
20240227;100524;0.023645;120000;9702666584;B
20240227;100525;0.02364;10900000;9702666732;S
20240227;100525;0.02364;260000;9702666733;S
20240227;100525;0.023635;20000;9702666734;S
20240227;100525;0.023635;9970000;9702666735;S
20240227;100526;0.02364;50000;9702667008;B
20240227;100526;0.023635;20030000;9702667191;S
20240227;100526;0.023635;1000000;9702667192;S
20240227;100526;0.023635;100000;9702667193;S
20240227;100526;0.02363;10000;9702667194;S
20240227;100526;0.02363;2000000;9702667195;S
20240227;100526;0.02363;100000;9702667196;S
20240227;100526;0.02363;2250000;9702667197;S
20240227;100526;0.023625;30000;9702667198;S
20240227;100526;0.023625;50000;9702667199;S
20240227;100526;0.02362;140000;9702667200;S
20240227;100526;0.02362;60000;9702667201;S
20240227;100526;0.02362;22000000;9702667202;S
20240227;100526;0.02362;100000;9702667203;S
20240227;100526;0.023615;1000000;9702667204;S
20240227;100526;0.023615;50000;9702667205;S
20240227;100526;0.023615;1080000;9702667206;S
20240227;100526;0.02362;2210000;9702667207;S
20240227;100526;0.02364;40000;9702667208;B
20240227;100526;0.02363;400000;9702667213;S
20240227;100527;0.02363;10000;9702667376;B
20240227;100528;0.023625;10000;9702667515;S
20240227;100528;0.023625;30000;9702667645;S
20240227;100528;0.023615;40000;9702667646;S
20240227;100528;0.023615;50000;9702667724;S
20240227;100529;0.023625;600000;9702667867;B
20240227;100530;0.02362;10000;9702668130;B
20240227;100530;0.023625;90000;9702668131;B
20240227;100530;0.023625;1000000;9702668167;B
20240227;100530;0.023625;11630000;9702668193;B
20240227;100530;0.023625;2000000;9702668194;B
20240227;100530;0.02363;1620000;9702668195;B
20240227;100531;0.023615;30000000;9702668278;S
20240227;100531;0.023625;600000;9702668344;B
20240227;100532;0.023615;60000;9702668551;S
20240227;100533;0.023625;2960000;9702668564;B
20240227;100533;0.023625;100000;9702668612;B
20240227;100533;0.023625;3000000;9702668618;B
20240227;100534;0.02363;2100000;9702668855;B
20240227;100534;0.02363;410000;9702668869;B
20240227;100534;0.02363;4500000;9702668908;B
20240227;100535;0.02363;190000;9702669076;B
20240227;100536;0.02363;50000;9702669192;B
20240227;100537;0.02363;40000;9702669359;B
20240227;100537;0.02363;20000;9702669452;B
20240227;100538;0.023625;10000;9702669582;S
20240227;100538;0.02362;990000;9702669583;S
20240227;100538;0.02362;1010000;9702669590;S
20240227;100538;0.02362;2200000;9702669591;S
20240227;100538;0.023615;2070000;9702669592;S
20240227;100538;0.023615;1200000;9702669767;S
20240227;100538;0.023615;500000;9702669773;S
20240227;100539;0.023615;6080000;9702669942;S
20240227;100539;0.023615;2000000;9702669943;S
20240227;100539;0.02361;10000;9702669944;S
20240227;100539;0.02361;100000;9702669945;S
20240227;100539;0.02361;2200000;9702669946;S
20240227;100539;0.023605;80000;9702669947;S
20240227;100539;0.023605;41500000;9702669948;S
20240227;100539;0.0236;10000;9702669949;S
20240227;100539;0.0236;670000;9702669950;S
20240227;100539;0.0236;100000;9702669951;S
20240227;100539;0.0236;60000;9702669952;S
20240227;100539;0.0236;10000;9702669953;S
20240227;100539;0.0236;50000;9702669954;S
20240227;100539;0.0236;1000000;9702669955;S
20240227;100539;0.0236;10000;9702669956;S
20240227;100539;0.0236;300000;9702669957;S
20240227;100539;0.0236;12720000;9702669958;S
20240227;100539;0.0236;10000;9702669959;S
20240227;100539;0.023595;20000;9702669960;S
20240227;100539;0.023595;5000000;9702669961;S
20240227;100539;0.023595;6000000;9702669962;S
20240227;100539;0.023595;11430000;9702669963;S
20240227;100539;0.023595;29570000;9702669964;S
20240227;100539;0.023595;4240000;9702669965;S
20240227;100539;0.02359;1680000;9702669966;S
20240227;100539;0.02359;20000;9702669967;S
20240227;100539;0.02359;1990000;9702669968;S
20240227;100539;0.02359;1000000;9702669969;S
20240227;100539;0.02359;17990000;9702669970;S
20240227;100539;0.02359;40000000;9702669971;S
20240227;100539;0.02359;7500000;9702669972;S
20240227;100539;0.023585;10310000;9702669973;S
20240227;100539;0.023585;10000;9702669974;S
20240227;100539;0.023585;730000;9702669975;S
20240227;100540;0.0236;2000000;9702670079;S
20240227;100540;0.0236;690000;9702670080;B
20240227;100540;0.0236;2310000;9702670081;B
20240227;100540;0.0236;40000;9702670160;S
20240227;100541;0.023595;410000;9702670348;S
20240227;100544;0.023605;30000;9702670889;B
20240227;100545;0.023605;10000;9702671001;B
20240227;100545;0.023605;20000;9702671010;B
20240227;100546;0.023605;1940000;9702671122;B
20240227;100546;0.02361;60000;9702671123;B
20240227;100546;0.02361;3050000;9702671124;B
20240227;100547;0.023605;1000000;9702671299;S
20240227;100547;0.0236;1000000;9702671300;S
20240227;100548;0.0236;1000000;9702671566;S
20240227;100548;0.0236;2000000;9702671567;S
20240227;100548;0.0236;2000000;9702671568;S
20240227;100550;0.02361;120000;9702671785;B
20240227;100550;0.023605;1000000;9702671832;S
20240227;100551;0.02361;10000;9702671914;B
20240227;100551;0.0236;420000;9702672008;S
20240227;100552;0.02361;30000;9702672046;B
20240227;100552;0.02361;20000;9702672184;B
20240227;100553;0.02361;100000;9702672234;B
20240227;100553;0.02361;70000;9702672277;B
20240227;100553;0.02361;100000;9702672349;B
20240227;100554;0.02361;10000;9702672445;B
20240227;100554;0.023605;1000000;9702672458;S
20240227;100554;0.02361;50000;9702672459;B
20240227;100555;0.02361;600000;9702672619;B
20240227;100556;0.02361;100000;9702672636;B
20240227;100556;0.02361;60000;9702672648;B
20240227;100556;0.02361;690000;9702672680;B
20240227;100556;0.023605;3740000;9702672748;S
20240227;100556;0.023605;2120000;9702672749;S
20240227;100556;0.0236;14140000;9702672750;S
20240227;100557;0.02361;2000000;9702672818;B
20240227;100558;0.0236;13440000;9702672997;S
20240227;100558;0.0236;2000000;9702672998;S
20240227;100558;0.0236;1000000;9702672999;S
20240227;100558;0.0236;400000;9702673000;S
20240227;100558;0.0236;1000000;9702673001;S
20240227;100558;0.0236;1000000;9702673002;S
20240227;100558;0.0236;2000000;9702673003;S
20240227;100558;0.0236;50000;9702673004;S
20240227;100558;0.0236;60000;9702673075;B
20240227;100559;0.0236;30000;9702673153;B
20240227;100559;0.0236;40000;9702673166;B
20240227;100601;0.023595;10000;9702673464;S
20240227;100601;0.02359;10000;9702673465;S
20240227;100602;0.023595;10000;9702673796;B
20240227;100603;0.023595;5000000;9702673890;B
20240227;100606;0.02359;20000;9702674241;S
20240227;100606;0.02359;70000;9702674314;S
20240227;100607;0.02359;250000;9702674374;S
20240227;100607;0.023595;30000;9702674410;B
20240227;100607;0.023595;10000;9702674417;B
20240227;100608;0.023595;90000;9702674541;B
20240227;100608;0.023595;20000;9702674591;B
20240227;100608;0.02359;10000;9702674596;S
20240227;100608;0.023595;430000;9702674625;B
20240227;100608;0.023595;400000;9702674662;B
20240227;100608;0.02359;1000000;9702674722;S
20240227;100609;0.023595;1000000;9702674764;B
20240227;100610;0.023595;10000;9702674938;B
20240227;100610;0.023595;210000;9702674952;B
20240227;100611;0.023595;10000;9702675133;B
20240227;100611;0.023595;1000000;9702675247;B
20240227;100612;0.02359;3640000;9702675304;S
20240227;100612;0.02359;210000;9702675305;S
20240227;100612;0.02359;16150000;9702675306;S
20240227;100612;0.023595;20000;9702675310;B
20240227;100613;0.02359;15000000;9702675543;S
20240227;100613;0.023595;40000;9702675589;B
20240227;100614;0.023595;10000;9702675686;B
20240227;100615;0.023595;30000;9702675974;B
20240227;100616;0.023595;20000;9702676028;B
20240227;100617;0.02359;10000;9702676236;S
20240227;100617;0.023595;250000;9702676244;B
20240227;100618;0.023595;210000;9702676446;B
20240227;100618;0.02359;140000;9702676447;S
20240227;100620;0.023595;30000;9702676734;B
20240227;100620;0.02359;500000;9702676796;S
20240227;100620;0.023595;10000;9702676851;B
20240227;100621;0.023595;430000;9702676901;B
20240227;100622;0.023595;50000;9702677028;B
20240227;100622;0.02359;2000000;9702677056;S
20240227;100623;0.02359;1000000;9702677284;S
20240227;100623;0.023595;5680000;9702677299;B
20240227;100623;0.023595;1270000;9702677300;B
20240227;100623;0.023595;120000;9702677301;B
20240227;100623;0.023595;50000;9702677302;B
20240227;100623;0.023595;2000000;9702677303;B
20240227;100623;0.023595;250000;9702677304;B
20240227;100623;0.023595;2260000;9702677305;B
20240227;100623;0.023595;1500000;9702677306;B
20240227;100626;0.02359;80000;9702677735;S
20240227;100627;0.023595;700000;9702677856;B
20240227;100627;0.02359;1000000;9702677872;S
20240227;100627;0.023595;30000;9702677921;B
20240227;100628;0.02359;120000;9702677970;S
20240227;100628;0.023595;10000;9702678007;B
20240227;100629;0.023595;3000000;9702678042;B
20240227;100629;0.02359;250000;9702678085;S
20240227;100629;0.023595;500000;9702678116;B
20240227;100629;0.02359;70000;9702678126;S
20240227;100630;0.023595;10000;9702678240;B
20240227;100632;0.02359;10000;9702678604;S
20240227;100633;0.023595;30000;9702678883;B
20240227;100634;0.023595;10000;9702678906;B
20240227;100634;0.02359;1000000;9702679002;S
20240227;100636;0.02359;10000;9702679179;S
20240227;100637;0.02359;1100000;9702679296;S
20240227;100637;0.023595;4040000;9702679298;B
20240227;100637;0.023595;960000;9702679299;B
20240227;100638;0.02359;2000000;9702679428;S
20240227;100638;0.02359;170000;9702679442;S
20240227;100638;0.023595;250000;9702679454;B
20240227;100638;0.02359;200000;9702679463;S
20240227;100638;0.02359;200000;9702679472;S
20240227;100639;0.023595;10000;9702679532;B
20240227;100641;0.02359;300000;9702679833;S
20240227;100642;0.02359;50000;9702679876;S
20240227;100642;0.023595;30000;9702679914;B
20240227;100642;0.023595;250000;9702679989;B
20240227;100642;0.023595;50000;9702679998;B
20240227;100644;0.023595;280000;9702680307;B
20240227;100646;0.023595;100000;9702680594;B
20240227;100647;0.02359;2090000;9702680818;S
20240227;100647;0.02359;1000000;9702680819;S
20240227;100647;0.02359;1000000;9702680820;S
20240227;100647;0.02359;910000;9702680821;S
20240227;100649;0.02359;4090000;9702681128;S
20240227;100649;0.02359;50000;9702681129;S
20240227;100649;0.02359;4870000;9702681130;S
20240227;100650;0.023595;3000000;9702681221;B
20240227;100650;0.023595;100000;9702681305;B
20240227;100650;0.02359;70000;9702681328;S
20240227;100650;0.02359;15000000;9702681383;S
20240227;100655;0.023595;30000;9702682067;B
20240227;100655;0.023595;900000;9702682176;B
20240227;100655;0.023595;100000;9702682177;B
20240227;100657;0.023595;110000;9702682305;B
20240227;100657;0.023595;10000;9702682307;B
20240227;100658;0.023595;10000;9702682448;B
20240227;100659;0.023595;20000;9702682576;B
20240227;100659;0.023595;80000;9702682577;B
20240227;100659;0.02359;10000;9702682606;S
20240227;100659;0.023595;10000;9702682760;B
20240227;100700;0.023595;20000;9702682843;B
20240227;100701;0.023595;20000;9702683016;B
20240227;100702;0.023595;20000;9702683096;B
20240227;100704;0.023595;50000;9702683409;B
20240227;100704;0.023595;700000;9702683505;B
20240227;100704;0.023595;40000;9702683506;B
20240227;100704;0.023595;2260000;9702683507;B
20240227;100704;0.023595;20000;9702683515;B
20240227;100705;0.02359;10000;9702683581;S
20240227;100705;0.0236;30000;9702683583;B
20240227;100705;0.0236;20000;9702683584;B
20240227;100705;0.0236;100000;9702683628;B
20240227;100707;0.0236;300000;9702683952;B
20240227;100707;0.02359;2000000;9702684016;S
20240227;100710;0.023595;5000000;9702684624;B
20240227;100710;0.023595;400000;9702684631;B
20240227;100713;0.023595;20000;9702684964;B
20240227;100714;0.02359;10000;9702685037;S
20240227;100714;0.023595;300000;9702685038;B
20240227;100716;0.02359;100000;9702685329;S
20240227;100716;0.023595;10000;9702685370;B
20240227;100718;0.023595;150000;9702685692;B
20240227;100718;0.023595;2280000;9702685704;B
20240227;100720;0.0236;20000;9702685882;B
20240227;100720;0.0236;160000;9702685945;B
20240227;100720;0.0236;440000;9702685946;B
20240227;100721;0.02359;400000;9702686198;S
20240227;100721;0.0236;80000;9702686242;B
20240227;100721;0.0236;570000;9702686270;B
20240227;100722;0.0236;200000;9702686373;B
20240227;100722;0.0236;20000;9702686438;B
20240227;100722;0.02359;5010000;9702686452;S
20240227;100723;0.0236;10000;9702686526;B
20240227;100728;0.02359;4000000;9702687179;S
20240227;100729;0.023595;40000;9702687342;B
20240227;100730;0.02359;2520000;9702687492;S
20240227;100730;0.02359;2480000;9702687493;S
20240227;100731;0.02359;940000;9702687558;S
20240227;100731;0.023595;380000;9702687619;B
20240227;100732;0.02359;7500000;9702687670;S
20240227;100733;0.023595;1000000;9702687760;B
20240227;100733;0.02359;420000;9702687840;S
20240227;100734;0.023595;30000;9702687908;B
20240227;100734;0.02359;14950000;9702688029;S
20240227;100735;0.02359;2000000;9702688237;S
20240227;100737;0.02359;20000;9702688618;S
20240227;100737;0.023595;550000;9702688741;B
20240227;100737;0.023595;3000000;9702688742;B
20240227;100737;0.023595;2450000;9702688743;B
20240227;100739;0.023595;10000;9702688986;B
20240227;100739;0.02359;2950000;9702689020;S
20240227;100740;0.023595;250000;9702689287;B
20240227;100742;0.02359;650000;9702689521;S
20240227;100743;0.02359;10000;9702689805;S
20240227;100745;0.023595;10000;9702690310;B
20240227;100749;0.023595;10000;9702690751;B
20240227;100753;0.02359;80000;9702691515;S
20240227;100754;0.02359;1000000;9702691768;S
20240227;100754;0.023595;1720000;9702691815;B
20240227;100754;0.023595;250000;9702691816;B
20240227;100754;0.023595;2570000;9702691817;B
20240227;100754;0.023595;270000;9702691818;B
20240227;100754;0.023595;190000;9702691819;B
20240227;100756;0.023595;250000;9702692045;B
20240227;100756;0.0236;750000;9702692046;B
20240227;100756;0.023595;20000;9702692093;B
20240227;100756;0.02359;10000;9702692121;S
20240227;100757;0.02359;50000;9702692360;S
20240227;100758;0.023595;20000;9702692484;B
20240227;100758;0.023595;2570000;9702692485;B
20240227;100758;0.023595;2000000;9702692486;B
20240227;100758;0.023595;3000000;9702692487;B
20240227;100758;0.023595;12260000;9702692488;B
20240227;100758;0.0236;2930000;9702692489;B
20240227;100758;0.0236;510000;9702692490;B
20240227;100758;0.0236;30000000;9702692491;B
20240227;100758;0.0236;3970000;9702692492;B
20240227;100758;0.0236;2180000;9702692493;B
20240227;100758;0.02361;250000;9702692494;B
20240227;100758;0.02361;6590000;9702692495;B
20240227;100758;0.023615;4240000;9702692496;B
20240227;100758;0.023615;250000;9702692497;B
20240227;100758;0.023615;250000;9702692498;B
20240227;100758;0.023615;8980000;9702692499;B
20240227;100758;0.0236;600000;9702692501;S
20240227;100800;0.02361;50000;9702692758;B
20240227;100804;0.02361;200000;9702693486;B
20240227;100806;0.0236;130000;9702694113;B
20240227;100807;0.0236;350000;9702694162;B
20240227;100807;0.023595;10000;9702694171;S
20240227;100809;0.023605;40000;9702694566;B
20240227;100809;0.02359;6940000;9702694575;S
20240227;100809;0.02359;40000;9702694576;S
20240227;100809;0.02359;50000;9702694577;S
20240227;100809;0.02359;50000;9702694578;S
20240227;100809;0.02359;50000;9702694579;S
20240227;100809;0.02359;1000000;9702694580;S
20240227;100809;0.02359;1870000;9702694581;S
20240227;100809;0.023605;10000;9702694649;B
20240227;100810;0.023605;10000;9702694729;B
20240227;100810;0.023605;10000;9702694862;B
20240227;100811;0.023595;90000;9702694922;S
20240227;100813;0.0236;20000;9702695410;S
20240227;100813;0.0236;3000000;9702695411;S
20240227;100813;0.023595;12720000;9702695412;S
20240227;100813;0.023595;2000000;9702695413;S
20240227;100813;0.023595;9010000;9702695414;S
20240227;100813;0.02359;9900000;9702695415;S
20240227;100813;0.02359;20000;9702695416;S
20240227;100813;0.02359;500000;9702695417;S
20240227;100813;0.02359;500000;9702695418;S
20240227;100813;0.02359;500000;9702695419;S
20240227;100813;0.02359;200000;9702695420;S
20240227;100813;0.02359;500000;9702695421;S
20240227;100813;0.02359;2300000;9702695422;S
20240227;100813;0.02359;10000;9702695423;S
20240227;100813;0.02359;1200000;9702695424;S
20240227;100814;0.02359;1100000;9702695566;S
20240227;100814;0.02359;210000;9702695567;S
20240227;100815;0.023595;430000;9702695841;S
20240227;100817;0.0236;10000;9702696231;B
20240227;100818;0.02359;990000;9702696304;S
20240227;100819;0.023595;10000;9702696432;B
20240227;100821;0.023595;30000;9702696956;B
20240227;100823;0.023595;40000;9702697458;B
20240227;100823;0.023595;40000;9702697459;B
20240227;100823;0.023595;10000;9702697460;B
20240227;100826;0.02359;2120000;9702698171;S
20240227;100826;0.02359;20000;9702698203;S
20240227;100827;0.02359;10000;9702698328;S
20240227;100827;0.02359;20000;9702698390;S
20240227;100828;0.023595;10000;9702698659;B
20240227;100829;0.023595;40000;9702698751;B
20240227;100829;0.023595;50000;9702698752;B
20240227;100829;0.023595;20000;9702698753;B
20240227;100829;0.023595;50000;9702698754;B
20240227;100829;0.023595;1840000;9702698755;B
20240227;100829;0.023595;10000;9702698764;B
20240227;100829;0.02359;40000;9702698833;S
20240227;100830;0.02359;20000;9702698898;S
20240227;100830;0.023595;50000;9702698981;B
20240227;100830;0.023595;20000;9702698982;B
20240227;100830;0.023595;1930000;9702698983;B
20240227;100831;0.023595;10000;9702699176;B
20240227;100832;0.02359;1570000;9702699244;S
20240227;100832;0.02359;1000000;9702699245;S
20240227;100832;0.02359;100000;9702699246;S
20240227;100832;0.02359;20000;9702699247;S
20240227;100832;0.02359;90000;9702699248;S
20240227;100832;0.02359;43450000;9702699249;S
20240227;100832;0.02359;1000000;9702699250;S
20240227;100832;0.02359;80000;9702699251;S
20240227;100832;0.02359;100000;9702699252;S
20240227;100832;0.02359;20000;9702699253;S
20240227;100832;0.02359;2000000;9702699254;S
20240227;100832;0.02359;100000;9702699255;S
20240227;100832;0.023585;270000;9702699256;S
20240227;100832;0.023585;70000;9702699257;S
20240227;100832;0.023585;130000;9702699258;S
20240227;100833;0.023595;10000;9702699458;B
20240227;100834;0.02359;100000;9702699561;B
20240227;100835;0.023585;270000;9702699774;S
20240227;100835;0.023585;500000;9702699775;S
20240227;100835;0.023585;730000;9702699776;S
20240227;100837;0.02359;10000;9702700179;B
20240227;100839;0.02359;10000;9702700604;B
20240227;100840;0.02359;10000;9702700775;B
20240227;100841;0.02359;1000000;9702700858;B
20240227;100841;0.02359;70000;9702700893;B
20240227;100841;0.023585;200000;9702700929;S
20240227;100842;0.02359;10000;9702700978;B
20240227;100842;0.02359;200000;9702701073;B
20240227;100843;0.023585;70000;9702701165;S
20240227;100844;0.023585;10000;9702701340;B
20240227;100844;0.023585;10000;9702701392;B
20240227;100845;0.02358;100000;9702701572;S
20240227;100845;0.02358;1020000;9702701673;S
20240227;100845;0.02358;10000;9702701674;S
20240227;100845;0.02358;10000;9702701675;S
20240227;100845;0.02358;200000;9702701676;S
20240227;100845;0.02358;50000;9702701677;S
20240227;100845;0.02358;2710000;9702701678;S
20240227;100846;0.02358;10000;9702701688;S
20240227;100846;0.02358;1000000;9702701816;S
20240227;100846;0.023585;410000;9702701921;B
20240227;100846;0.023585;1590000;9702701922;B
20240227;100848;0.023585;10000;9702702347;B
20240227;100849;0.02358;30000;9702702443;S
20240227;100849;0.023585;100000;9702702506;B
20240227;100850;0.02358;10000;9702702600;S
20240227;100850;0.023585;20000;9702702685;B
20240227;100851;0.023585;280000;9702702764;B
20240227;100851;0.023585;720000;9702702765;B
20240227;100852;0.02358;10000;9702702899;S
20240227;100852;0.02358;10000000;9702702918;S
20240227;100852;0.02358;6230000;9702702929;S
20240227;100852;0.02358;1000000;9702702930;S
20240227;100852;0.02358;180000;9702702931;S
20240227;100852;0.02358;10000;9702702932;S
20240227;100852;0.02358;10000;9702702933;S
20240227;100852;0.02358;70000;9702702934;S
20240227;100852;0.02358;10000;9702702935;S
20240227;100852;0.02358;160000;9702702936;S
20240227;100852;0.02358;20000;9702702937;S
20240227;100852;0.02358;4000000;9702702938;S
20240227;100852;0.02358;60000;9702702939;S
20240227;100852;0.02358;500000;9702702940;S
20240227;100852;0.02358;310000;9702702990;B
20240227;100853;0.023575;290000;9702703146;S
20240227;100853;0.023575;20000;9702703147;S
20240227;100853;0.023575;7000000;9702703148;S
20240227;100853;0.023575;2500000;9702703149;S
20240227;100853;0.023575;100000;9702703150;S
20240227;100853;0.023575;90000;9702703151;S
20240227;100854;0.023575;40000;9702703379;S
20240227;100854;0.023575;1370000;9702703384;S
20240227;100854;0.023575;50000;9702703385;S
20240227;100854;0.02357;2500000;9702703386;S
20240227;100854;0.02357;20000;9702703387;S
20240227;100854;0.02357;10000;9702703388;S
20240227;100854;0.02357;19000000;9702703389;S
20240227;100854;0.02357;10000;9702703390;S
20240227;100854;0.02357;1000000;9702703391;S
20240227;100854;0.02357;1000000;9702703392;S
20240227;100854;0.02357;10000;9702703393;S
20240227;100854;0.02357;200000;9702703394;S
20240227;100854;0.02357;7500000;9702703395;S
20240227;100854;0.02357;10000;9702703396;S
20240227;100854;0.02357;2400000;9702703397;S
20240227;100854;0.023565;20000;9702703398;S
20240227;100854;0.023565;3000000;9702703399;S
20240227;100854;0.023565;20000;9702703400;S
20240227;100854;0.023565;1880000;9702703401;S
20240227;100855;0.02357;180000;9702703469;B
20240227;100856;0.023565;1000000;9702703605;S
20240227;100856;0.023565;30000;9702703637;S
20240227;100857;0.02357;50000;9702703785;B
20240227;100857;0.02357;50000;9702703865;B
20240227;100858;0.023565;2090000;9702703952;S
20240227;100858;0.023565;2500000;9702703953;S
20240227;100858;0.023565;10000;9702703954;S
20240227;100858;0.023565;1400000;9702703955;S
20240227;100900;0.023565;60000;9702704290;S
20240227;100901;0.02357;420000;9702704373;B
20240227;100902;0.02357;40000;9702704528;B
20240227;100904;0.023565;400000;9702704889;S
20240227;100904;0.02357;150000;9702704929;B
20240227;100907;0.02357;2110000;9702705283;B
20240227;100907;0.02357;890000;9702705284;B
20240227;100907;0.023565;5640000;9702705286;S
20240227;100907;0.023565;10000;9702705287;S
20240227;100907;0.023565;10000;9702705288;S
20240227;100907;0.023565;10000;9702705289;S
20240227;100907;0.023565;10000;9702705290;S
20240227;100907;0.023565;10000;9702705291;S
20240227;100907;0.023565;10000;9702705292;S
20240227;100907;0.023565;10000;9702705293;S
20240227;100907;0.023565;10000;9702705294;S
20240227;100907;0.02356;50000;9702705295;S
20240227;100907;0.02356;10000;9702705296;S
20240227;100907;0.02356;2000000;9702705297;S
20240227;100907;0.02356;2000000;9702705298;S
20240227;100907;0.02356;1000000;9702705299;S
20240227;100907;0.02356;5000000;9702705300;S
20240227;100907;0.02356;4400000;9702705301;S
20240227;100907;0.02356;10000;9702705302;S
20240227;100907;0.02356;180000;9702705303;S
20240227;100907;0.02356;50000;9702705304;S
20240227;100907;0.02356;10000;9702705305;S
20240227;100907;0.023555;20000;9702705306;S
20240227;100907;0.023555;10000;9702705307;S
20240227;100907;0.023555;1000000;9702705308;S
20240227;100907;0.023555;2500000;9702705309;S
20240227;100907;0.023555;40000;9702705310;S
20240227;100907;0.023555;10000;9702705311;S
20240227;100907;0.023555;12720000;9702705312;S
20240227;100907;0.023555;1460000;9702705313;S
20240227;100907;0.023555;12720000;9702705317;S
20240227;100907;0.023555;7500000;9702705318;S
20240227;100907;0.02355;210000;9702705319;S
20240227;100907;0.02355;70000;9702705320;S
20240227;100907;0.02355;500000;9702705321;S
20240227;100907;0.02355;30000;9702705322;S
20240227;100907;0.02355;5000000;9702705323;S
20240227;100907;0.02355;10000;9702705324;S
20240227;100907;0.02355;2110000;9702705325;S
20240227;100907;0.02355;5030000;9702705326;S
20240227;100907;0.02355;20000;9702705327;S
20240227;100907;0.02355;100000;9702705328;S
20240227;100907;0.02355;10000;9702705329;S
20240227;100907;0.02355;20000;9702705330;S
20240227;100907;0.02355;1850000;9702705331;S
20240227;100907;0.02355;1500000;9702705332;S
20240227;100907;0.02355;7000000;9702705333;S
20240227;100907;0.02355;10000;9702705334;S
20240227;100907;0.02355;180000;9702705335;S
20240227;100907;0.02355;1000000;9702705336;S
20240227;100907;0.02355;320000;9702705337;S
20240227;100907;0.02355;2500000;9702705338;S
20240227;100907;0.02355;10000;9702705339;S
20240227;100907;0.02355;100000;9702705340;S
20240227;100907;0.02355;4800000;9702705341;S
20240227;100907;0.02355;50000;9702705342;S
20240227;100907;0.02355;10000;9702705343;S
20240227;100907;0.02355;1000000;9702705344;S
20240227;100907;0.02355;2000000;9702705345;S
20240227;100907;0.023545;20000;9702705346;S
20240227;100907;0.023545;19120000;9702705347;S
20240227;100907;0.02356;10000;9702705364;B
20240227;100907;0.02356;10000;9702705395;B
20240227;100907;0.02356;60000;9702705449;B
20240227;100907;0.023555;1100000;9702705455;S
20240227;100907;0.023555;70000;9702705458;S
20240227;100907;0.023555;120000;9702705491;S
20240227;100907;0.023555;200000;9702705494;S
20240227;100908;0.023555;200000;9702705504;S
20240227;100908;0.023555;200000;9702705541;S
20240227;100908;0.023555;110000;9702705543;S
20240227;100908;0.023555;890000;9702705544;S
20240227;100908;0.02356;30000;9702705545;B
20240227;100908;0.023555;250000;9702705552;S
20240227;100908;0.02356;100000;9702705574;B
20240227;100908;0.023555;600000;9702705604;S
20240227;100908;0.023555;1260000;9702705638;S
20240227;100908;0.023555;2310000;9702705639;S
20240227;100908;0.023555;10000;9702705640;S
20240227;100908;0.02355;1420000;9702705641;S
20240227;100909;0.023555;3000000;9702705708;S
20240227;100909;0.02355;6080000;9702705709;S
20240227;100909;0.02355;10920000;9702705710;S
20240227;100909;0.02356;10000;9702705715;B
20240227;100909;0.023555;870000;9702705718;S
20240227;100909;0.023555;2130000;9702705798;S
20240227;100909;0.023555;2160000;9702705799;S
20240227;100909;0.023555;2800000;9702705851;S
20240227;100911;0.02356;230000;9702706224;B
20240227;100912;0.023555;420000;9702706379;S
20240227;100912;0.023555;600000;9702706442;S
20240227;100913;0.023555;250000;9702706768;B
20240227;100913;0.023555;410000;9702706769;B
20240227;100913;0.023555;1280000;9702706770;S
20240227;100913;0.02356;10000;9702706787;B
20240227;100913;0.023555;80000;9702706875;S
20240227;100915;0.02356;10000;9702707237;B
20240227;100915;0.02356;10000;9702707355;B
20240227;100915;0.02356;40000;9702707356;B
20240227;100917;0.023555;480000;9702707682;S
20240227;100917;0.02355;620000;9702707683;S
20240227;100919;0.023555;500000;9702708290;S
20240227;100920;0.02356;1350000;9702708555;B
20240227;100921;0.02356;10000;9702708740;B
20240227;100921;0.023555;500000;9702708871;S
20240227;100921;0.023555;1200000;9702708872;S
20240227;100921;0.023555;30000;9702708904;S
20240227;100921;0.02355;250000;9702708905;S
20240227;100922;0.02355;550000;9702708936;S
20240227;100922;0.02355;100000;9702708937;S
20240227;100922;0.02355;850000;9702708938;S
20240227;100924;0.023555;10000;9702709419;B
20240227;100926;0.023555;290000;9702709739;B
20240227;100926;0.023555;710000;9702709740;B
20240227;100926;0.02355;140000;9702709819;S
20240227;100929;0.023555;100000;9702710200;B
20240227;100929;0.023555;250000;9702710370;B
20240227;100930;0.023555;1100000;9702710546;B
20240227;100930;0.023555;100000;9702710558;B
20240227;100931;0.023555;900000;9702710675;B
20240227;100932;0.023555;2000000;9702710843;B
20240227;100932;0.023555;10000;9702710844;B
20240227;100932;0.023555;2930000;9702710845;B
20240227;100932;0.02355;20000;9702710947;S
20240227;100933;0.02355;5000000;9702711056;S
20240227;100933;0.023555;200000;9702711154;B
20240227;100934;0.02355;30000;9702711390;S
20240227;100934;0.02355;970000;9702711391;S
20240227;100935;0.02355;250000;9702711447;S
20240227;100936;0.023555;100000;9702711576;B
20240227;100936;0.023555;10000;9702711637;B
20240227;100936;0.02355;410000;9702711677;S
20240227;100937;0.02355;400000;9702711690;S
20240227;100937;0.023555;10000;9702711731;B
20240227;100937;0.023555;90000;9702711747;B
20240227;100937;0.023555;2580000;9702711802;B
20240227;100937;0.023555;40000;9702711812;B
20240227;100938;0.02355;150000;9702711829;S
20240227;100938;0.023555;500000;9702711902;B
20240227;100939;0.023555;10000;9702712162;B
20240227;100940;0.023555;140000;9702712526;B
20240227;100941;0.02355;40000;9702712586;S
20240227;100941;0.023555;220000;9702712646;B
20240227;100942;0.02355;2440000;9702713005;S
20240227;100942;0.02355;50000;9702713015;S
20240227;100943;0.02355;320000;9702713171;S
20240227;100943;0.02355;1180000;9702713172;S
20240227;100945;0.02355;500000;9702713426;S
20240227;100945;0.02355;500000;9702713428;S
20240227;100945;0.02355;900000;9702713429;S
20240227;100945;0.02355;3000000;9702713430;S
20240227;100945;0.023545;15600000;9702713431;S
20240227;100945;0.02355;220000;9702713454;B
20240227;100945;0.023545;10000000;9702713471;S
20240227;100945;0.02355;10000;9702713551;B
20240227;100947;0.02355;2100000;9702713863;B
20240227;100947;0.02355;670000;9702713888;B
20240227;100947;0.02355;830000;9702713889;B
20240227;100948;0.02355;460000;9702714045;S
20240227;100949;0.023555;10000;9702714240;B
20240227;100949;0.02355;2540000;9702714296;S
20240227;100949;0.023545;2460000;9702714297;S
20240227;100950;0.02355;70000;9702714441;S
20240227;100950;0.02355;30000;9702714459;S
20240227;100950;0.02355;430000;9702714460;S
20240227;100951;0.02355;20000;9702714709;S
20240227;100951;0.023555;40000;9702714766;B
20240227;100952;0.02355;2550000;9702714995;S
20240227;100952;0.02355;7450000;9702714996;S
20240227;100953;0.023555;6900000;9702715254;B
20240227;100956;0.02355;4280000;9702715840;S
20240227;100956;0.02355;190000;9702715932;S
20240227;100957;0.023555;880000;9702716427;B
20240227;100959;0.02355;1500000;9702716744;S
20240227;101000;0.02355;25000000;9702717159;S
20240227;101000;0.023555;50000;9702717213;B
20240227;101001;0.023555;100000;9702717280;B
20240227;101001;0.02355;80000;9702717501;S
20240227;101003;0.02355;11500000;9702717859;S
20240227;101003;0.02355;100000;9702717860;S
20240227;101003;0.02355;600000;9702717861;S
20240227;101003;0.02355;10000;9702717862;S
20240227;101003;0.023545;28580000;9702717863;S
20240227;101003;0.02355;2230000;9702717894;B
20240227;101004;0.023545;3000000;9702717931;S
20240227;101005;0.02355;100000;9702718165;B
20240227;101005;0.02355;10000;9702718332;B
20240227;101006;0.023545;1000000;9702718446;S
20240227;101008;0.02355;50000;9702718903;B
20240227;101010;0.02355;10000;9702719301;B
20240227;101010;0.02355;330000;9702719364;B
20240227;101011;0.02355;200000;9702719469;B
20240227;101012;0.02355;50000;9702719730;B
20240227;101013;0.02355;300000;9702720330;B
20240227;101013;0.023545;18510000;9702720431;S
20240227;101013;0.023545;30000;9702720432;S
20240227;101013;0.023545;440000;9702720433;S
20240227;101013;0.023545;10000;9702720434;S
20240227;101013;0.023545;100000;9702720435;S
20240227;101013;0.023545;5000000;9702720436;S
20240227;101013;0.023545;10000;9702720437;S
20240227;101013;0.023545;2000000;9702720438;S
20240227;101013;0.023545;2210000;9702720439;S
20240227;101013;0.023545;2000000;9702720440;S
20240227;101013;0.023545;100000;9702720441;S
20240227;101013;0.023545;7500000;9702720442;S
20240227;101013;0.023545;2500000;9702720443;S
20240227;101013;0.023545;10000;9702720444;S
20240227;101014;0.02355;40000;9702720888;B
20240227;101016;0.023545;100000;9702721187;S
20240227;101016;0.023545;550000;9702721188;S
20240227;101016;0.02355;10000;9702721275;B
20240227;101017;0.02355;10000;9702721327;B
20240227;101017;0.02355;150000;9702721334;B
20240227;101018;0.02355;10000;9702721519;B
20240227;101019;0.02355;730000;9702721677;B
20240227;101019;0.02355;170000;9702721678;B
20240227;101019;0.02355;10000;9702721704;B
20240227;101019;0.02355;20000;9702721712;B
20240227;101019;0.02355;200000;9702721734;B
20240227;101020;0.02355;1000000;9702721840;B
20240227;101021;0.02355;50000;9702722152;B
20240227;101022;0.02355;20000;9702722303;B
20240227;101023;0.02355;1530000;9702722336;B
20240227;101023;0.02355;1300000;9702722337;B
20240227;101023;0.02355;50000;9702722338;B
20240227;101023;0.02355;10000;9702722339;B
20240227;101023;0.02355;10000;9702722340;B
20240227;101023;0.02355;40000;9702722341;B
20240227;101023;0.02355;2000000;9702722342;B
20240227;101023;0.02355;2270000;9702722343;B
20240227;101023;0.02355;2790000;9702722344;B
20240227;101023;0.02355;20000;9702722346;B
20240227;101023;0.02355;20000;9702722347;B
20240227;101025;0.02355;40000;9702722965;B
20240227;101025;0.02355;20000;9702722966;B
20240227;101025;0.02355;10650000;9702722967;B
20240227;101025;0.02355;2000000;9702722968;B
20240227;101025;0.02355;50000;9702722969;B
20240227;101025;0.02355;2270000;9702722970;B
20240227;101025;0.02355;10620000;9702722971;B
20240227;101025;0.02355;49700000;9702723012;S
20240227;101025;0.02355;130000;9702723049;S
20240227;101026;0.023555;3000000;9702723110;B
20240227;101027;0.023555;190000;9702723265;B
20240227;101027;0.023555;250000;9702723266;B
20240227;101027;0.023555;10000;9702723267;B
20240227;101027;0.023555;60000;9702723268;B
20240227;101027;0.023555;50000;9702723269;B
20240227;101027;0.023555;60000;9702723270;B
20240227;101027;0.023555;500000;9702723271;B
20240227;101027;0.023555;270000;9702723272;B
20240227;101027;0.023555;1610000;9702723273;B
20240227;101027;0.023555;10000;9702723312;B
20240227;101027;0.02356;50000;9702723434;B
20240227;101028;0.02356;50000;9702723557;B
20240227;101029;0.02356;70000;9702723744;B
20240227;101030;0.023555;2000000;9702723929;S
20240227;101030;0.023555;1100000;9702724008;S
20240227;101032;0.023555;3060000;9702724346;S
20240227;101032;0.023555;1940000;9702724347;S
20240227;101032;0.02356;20000;9702724381;B
20240227;101032;0.02356;30000;9702724391;B
20240227;101033;0.023555;1060000;9702724535;S
20240227;101033;0.023555;2210000;9702724536;S
20240227;101033;0.023555;20000;9702724537;S
20240227;101033;0.023555;12720000;9702724538;S
20240227;101033;0.023555;220000;9702724539;S
20240227;101033;0.023555;6160000;9702724540;S
20240227;101033;0.02355;7610000;9702724541;S
20240227;101033;0.023555;6160000;9702724542;B
20240227;101033;0.023555;300000;9702724564;B
20240227;101034;0.02355;10000;9702724662;S
20240227;101035;0.02355;25000000;9702724747;S
20240227;101035;0.02355;5000000;9702724842;S
20240227;101035;0.023555;10000;9702724863;B
20240227;101037;0.02355;3500000;9702725105;S
20240227;101037;0.02355;120000;9702725121;S
20240227;101039;0.023555;10000;9702725688;B
20240227;101039;0.02355;100000;9702725770;S
20240227;101039;0.023555;1000000;9702725826;B
20240227;101040;0.02355;3180000;9702725901;S
20240227;101040;0.02355;6000000;9702725902;S
20240227;101040;0.02355;6160000;9702725903;S
20240227;101040;0.02355;20000;9702725904;S
20240227;101040;0.02355;100000;9702725905;S
20240227;101040;0.02355;1000000;9702725906;S
20240227;101040;0.02355;100000;9702725907;S
20240227;101040;0.02355;10000;9702725908;S
20240227;101040;0.023545;6950000;9702725909;S
20240227;101040;0.023545;2500000;9702725910;S
20240227;101040;0.023545;6160000;9702725911;S
20240227;101040;0.023545;6000000;9702725912;S
20240227;101040;0.023545;10000000;9702725913;S
20240227;101040;0.023545;20000;9702725914;S
20240227;101040;0.023545;10000;9702725915;S
20240227;101040;0.023545;50000;9702725916;S
20240227;101040;0.023545;20000;9702725917;S
20240227;101040;0.023545;1730000;9702725918;S
20240227;101040;0.02355;6160000;9702725920;B
20240227;101041;0.023545;50000;9702726021;S
20240227;101041;0.023545;330000;9702726357;S
20240227;101041;0.023545;1100000;9702726358;S
20240227;101042;0.023545;30000;9702726430;S
20240227;101042;0.02355;2000000;9702726483;B
20240227;101042;0.02355;3000000;9702726484;B
20240227;101042;0.02355;2270000;9702726485;B
20240227;101042;0.02355;1700000;9702726486;B
20240227;101042;0.023555;3000000;9702726487;B
20240227;101042;0.023555;10620000;9702726488;B
20240227;101042;0.02356;2330000;9702726489;B
20240227;101042;0.02356;700000;9702726490;B
20240227;101042;0.02356;250000;9702726491;B
20240227;101042;0.023565;9130000;9702726492;B
20240227;101043;0.02356;100000;9702726666;B
20240227;101046;0.02356;170000;9702727130;B
20240227;101046;0.02356;1300000;9702727152;B
20240227;101046;0.02356;1430000;9702727155;B
20240227;101046;0.02356;570000;9702727156;B
20240227;101047;0.02356;3000000;9702727233;B
20240227;101047;0.02356;2000000;9702727234;B
20240227;101047;0.02356;4770000;9702727235;B
20240227;101047;0.02356;3000000;9702727244;B
20240227;101047;0.023565;3000000;9702727245;B
20240227;101047;0.02357;4010000;9702727246;B
20240227;101047;0.023555;700000;9702727256;S
20240227;101047;0.023555;5460000;9702727279;S
20240227;101047;0.023555;2000000;9702727280;S
20240227;101047;0.023555;11540000;9702727281;S
20240227;101050;0.02356;60000;9702727777;B
20240227;101050;0.02356;1940000;9702727790;B
20240227;101050;0.02356;60000;9702727791;B
20240227;101050;0.023555;600000;9702727812;S
20240227;101050;0.02356;2000000;9702727823;B
20240227;101051;0.02356;1000000;9702727834;B
20240227;101051;0.02356;1000000;9702727835;B
20240227;101051;0.023555;1200000;9702727836;S
20240227;101052;0.02356;1000000;9702728077;B
20240227;101054;0.023555;210000;9702728283;S
20240227;101054;0.02356;10000;9702728337;B
20240227;101056;0.02356;10000;9702728530;B
20240227;101057;0.02356;10000;9702728747;B
20240227;101057;0.023555;4150000;9702728802;S
20240227;101057;0.023555;10000;9702728803;S
20240227;101057;0.023555;840000;9702728804;S
20240227;101058;0.023555;1160000;9702728945;S
20240227;101058;0.023555;3840000;9702728946;S
20240227;101100;0.02356;100000;9702729307;B
20240227;101100;0.023555;20000;9702729312;S
20240227;101100;0.023565;40000;9702729340;B
20240227;101101;0.02357;10000;9702729383;B
20240227;101101;0.02357;50000;9702729421;B
20240227;101102;0.02356;130000;9702729525;S
20240227;101103;0.02357;10000;9702729573;B
20240227;101104;0.02357;180000;9702729806;B
20240227;101105;0.02357;10000;9702729910;B
20240227;101105;0.023565;40000;9702729916;S
20240227;101105;0.02356;510000;9702730039;S
20240227;101105;0.023565;630000;9702730040;B
20240227;101105;0.023565;40000;9702730069;B
20240227;101106;0.023565;10000;9702730172;B
20240227;101108;0.023565;2500000;9702730640;B
20240227;101109;0.023565;6780000;9702730987;B
20240227;101109;0.023565;12730000;9702730988;B
20240227;101109;0.023565;2000000;9702730989;B
20240227;101110;0.02357;9000000;9702731036;S
20240227;101110;0.023575;12730000;9702731064;B
20240227;101110;0.02358;250000;9702731065;B
20240227;101110;0.02358;2000000;9702731066;B
20240227;101110;0.02358;5020000;9702731067;B
20240227;101110;0.023585;120000;9702731125;B
20240227;101112;0.02358;3000000;9702731376;S
20240227;101112;0.02358;2000000;9702731377;S
20240227;101112;0.02358;3000000;9702731378;S
20240227;101112;0.02358;10000;9702731379;S
20240227;101112;0.023575;3000000;9702731380;S
20240227;101112;0.023575;7190000;9702731381;S
20240227;101112;0.02358;3000000;9702731436;S
20240227;101112;0.023575;2000000;9702731437;S
20240227;101112;0.023575;3000000;9702731438;S
20240227;101112;0.023575;7080000;9702731439;S
20240227;101113;0.023585;250000;9702731533;B
20240227;101113;0.023575;2440000;9702731544;S
20240227;101114;0.023575;560000;9702731890;S
20240227;101114;0.023575;5300000;9702731891;S
20240227;101114;0.023575;170000;9702731907;S
20240227;101114;0.02358;10000;9702731918;B
20240227;101116;0.023575;100000;9702732126;S
20240227;101117;0.023575;3290000;9702732215;S
20240227;101117;0.023575;30000;9702732345;S
20240227;101118;0.02358;20000;9702732515;B
20240227;101119;0.023575;7500000;9702732700;B
20240227;101119;0.023575;2000000;9702732701;B
20240227;101119;0.023575;3000000;9702732702;B
20240227;101119;0.023575;8740000;9702732703;B
20240227;101120;0.02357;15000000;9702732776;S
20240227;101120;0.023575;50000;9702732851;B
20240227;101120;0.02358;3000000;9702732852;B
20240227;101120;0.02358;4240000;9702732853;B
20240227;101120;0.02358;2000000;9702732854;B
20240227;101120;0.023585;710000;9702732855;B
20240227;101120;0.02358;100000;9702732860;B
20240227;101120;0.023575;660000;9702732866;S
20240227;101121;0.023575;2340000;9702732935;S
20240227;101121;0.02357;34490000;9702732936;S
20240227;101121;0.02357;40000000;9702732937;S
20240227;101121;0.02357;10000;9702732938;S
20240227;101121;0.02357;2000000;9702732939;S
20240227;101121;0.023565;6160000;9702732940;S
20240227;101121;0.02356;40000;9702732941;S
20240227;101121;0.02356;2500000;9702732942;S
20240227;101121;0.02356;6160000;9702732943;S
20240227;101121;0.02356;6000000;9702732944;S
20240227;101121;0.02356;200000;9702732945;S
20240227;101121;0.02356;12720000;9702732946;S
20240227;101121;0.023555;6000000;9702732949;S
20240227;101121;0.023555;4000000;9702732950;S
20240227;101121;0.023555;10000;9702732951;S
20240227;101121;0.023555;40000;9702732952;S
20240227;101121;0.023555;1950000;9702732953;S
20240227;101121;0.023555;50000;9702733029;S
20240227;101121;0.023555;2970000;9702733030;S
20240227;101122;0.02356;630000;9702733140;B
20240227;101122;0.023555;2730000;9702733198;S
20240227;101122;0.02355;1730000;9702733199;S
20240227;101123;0.02355;3000000;9702733271;S
20240227;101123;0.02355;820000;9702733275;S
20240227;101123;0.02355;4450000;9702733313;S
20240227;101123;0.02355;1580000;9702733314;S
20240227;101123;0.02355;10000;9702733315;S
20240227;101123;0.02355;1000000;9702733316;S
20240227;101123;0.02355;10000000;9702733317;S
20240227;101123;0.02355;10000;9702733318;S
20240227;101123;0.02355;30000;9702733319;S
20240227;101123;0.02355;200000;9702733320;S
20240227;101123;0.02355;10000;9702733321;S
20240227;101123;0.02355;10000;9702733322;S
20240227;101123;0.02355;12730000;9702733323;S
20240227;101123;0.023545;3690000;9702733324;S
20240227;101123;0.023545;610000;9702733325;S
20240227;101123;0.023555;3000000;9702733342;B
20240227;101123;0.023555;7000000;9702733343;B
20240227;101123;0.02355;20000;9702733345;B
20240227;101123;0.02355;2980000;9702733352;B
20240227;101123;0.02355;20000;9702733353;B
20240227;101124;0.02355;20000;9702733511;B
20240227;101125;0.023545;40000;9702733594;S
20240227;101125;0.023545;100000;9702733595;S
20240227;101125;0.023545;700000;9702733596;S
20240227;101125;0.023545;10000;9702733597;S
20240227;101125;0.023545;1680000;9702733598;S
20240227;101125;0.02355;20000;9702733686;B
20240227;101125;0.023555;1360000;9702733687;B
20240227;101125;0.023555;6000000;9702733688;B
20240227;101125;0.023555;2000000;9702733689;B
20240227;101125;0.023555;2620000;9702733690;B
20240227;101126;0.023545;1400000;9702733773;S
20240227;101126;0.023545;4420000;9702733799;S
20240227;101126;0.023545;1500000;9702733800;S
20240227;101126;0.023545;40000;9702733879;S
20240227;101126;0.02355;500000;9702733882;B
20240227;101127;0.023545;1460000;9702733950;S
20240227;101127;0.023545;7500000;9702733951;S
20240227;101127;0.023545;2000000;9702733952;S
20240227;101127;0.023545;2430000;9702733953;S
20240227;101127;0.02354;1000000;9702733954;S
20240227;101127;0.02354;20000;9702733955;S
20240227;101127;0.02354;10000;9702733956;S
20240227;101127;0.02354;110000;9702733957;S
20240227;101127;0.02354;10000;9702733958;S
20240227;101127;0.02354;400000;9702733959;S
