<DATE>;<TIME>;<LAST>;<VOL>;<ID>;<OPER>
20240214;095954;0.024460000;10000;9595805157;B
20240214;095954;0.024460000;100000;9595805158;S
20240214;095954;0.024460000;90000;9595805159;S
20240214;095954;0.024460000;300000;9595805160;S
20240214;095954;0.024460000;50000;9595805161;S
20240214;095954;0.024460000;30000;9595805162;S
20240214;095954;0.024460000;10000;9595805163;S
20240214;095954;0.024460000;10000;9595805164;S
20240214;095954;0.024460000;10000;9595805165;S
20240214;095954;0.024460000;10000;9595805166;S
20240214;095954;0.024460000;10000;9595805167;S
20240214;095954;0.024460000;20000;9595805168;S
20240214;095954;0.024460000;30000;9595805169;S
20240214;095954;0.024460000;20000;9595805170;S
20240214;095954;0.024460000;10000;9595805171;S
20240214;095954;0.024460000;60000;9595805172;S
20240214;095954;0.024460000;10000;9595805173;S
20240214;095954;0.024460000;100000;9595805174;S
20240214;095954;0.024460000;370000;9595805175;B
20240214;095954;0.024460000;70000;9595805176;B
20240214;095954;0.024460000;190000;9595805177;S
20240214;095954;0.024460000;200000;9595805178;S
20240214;095954;0.024460000;30000;9595805179;S
20240214;095954;0.024460000;10000;9595805180;S
20240214;095954;0.024460000;2000000;9595805181;S
20240214;095954;0.024460000;150000;9595805182;B
20240214;095954;0.024460000;480000;9595805183;B
20240214;095954;0.024460000;2520000;9595805184;B
20240214;095954;0.024460000;20000;9595805185;S
20240214;095954;0.024460000;20000;9595805186;S
20240214;095954;0.024460000;50000;9595805187;S
20240214;095954;0.024460000;20000;9595805188;S
20240214;095954;0.024460000;20000;9595805189;S
20240214;095954;0.024460000;20000;9595805190;S
20240214;095954;0.024460000;20000;9595805191;S
20240214;095954;0.024460000;50000;9595805192;S
20240214;095954;0.024460000;10000;9595805193;B
20240214;095954;0.024460000;10000;9595805194;B
20240214;095954;0.024460000;10000;9595805195;B
20240214;095954;0.024460000;10000;9595805196;B
20240214;095954;0.024460000;30000;9595805197;B
20240214;095954;0.024460000;20000;9595805198;B
20240214;095954;0.024460000;10000;9595805199;B
20240214;095954;0.024460000;40000;9595805200;B
20240214;095954;0.024460000;330000;9595805201;S
20240214;095954;0.024460000;20000;9595805202;S
20240214;095954;0.024460000;20000;9595805203;S
20240214;095954;0.024460000;20000;9595805204;S
20240214;095954;0.024460000;20000;9595805205;S
20240214;095954;0.024460000;20000;9595805206;S
20240214;095954;0.024460000;10000;9595805207;S
20240214;095954;0.024460000;50000;9595805208;S
20240214;095954;0.024460000;240000;9595805209;S
20240214;095954;0.024460000;50000;9595805210;S
20240214;095954;0.024460000;10000;9595805211;B
20240214;095954;0.024460000;40000;9595805212;B
20240214;095954;0.024460000;110000;9595805213;S
20240214;095954;0.024460000;100000;9595805214;S
20240214;095954;0.024460000;10000;9595805215;S
20240214;095954;0.024460000;10000;9595805216;S
20240214;095954;0.024460000;50000;9595805217;S
20240214;095954;0.024460000;1000000;9595805218;B
20240214;095954;0.024460000;10000;9595805219;B
20240214;095954;0.024460000;110000;9595805220;S
20240214;095954;0.024460000;10000;9595805221;S
20240214;095954;0.024460000;50000;9595805222;S
20240214;095954;0.024460000;1000000;9595805223;B
20240214;095954;0.024460000;7580000;9595805224;B
20240214;095954;0.024460000;1000000;9595805225;B
20240214;095954;0.024460000;10000;9595805226;B
20240214;095954;0.024460000;20000;9595805227;B
20240214;095954;0.024460000;110000;9595805228;S
20240214;095954;0.024460000;10000;9595805229;S
20240214;095954;0.024460000;50000;9595805230;S
20240214;095954;0.024460000;1000000;9595805231;B
20240214;095954;0.024460000;110000;9595805232;S
20240214;095954;0.024460000;10000;9595805233;S
20240214;095954;0.024460000;50000;9595805234;S
20240214;095954;0.024460000;1000000;9595805235;B
20240214;095954;0.024460000;10000;9595805236;B
20240214;095954;0.024460000;10000;9595805237;B
20240214;095954;0.024460000;110000;9595805238;S
20240214;095954;0.024460000;10000;9595805239;S
20240214;095954;0.024460000;50000;9595805240;S
20240214;095954;0.024460000;1000000;9595805241;B
20240214;095954;0.024460000;70000;9595805242;B
20240214;095954;0.024460000;20000;9595805243;B
20240214;095954;0.024460000;100000;9595805244;B
20240214;095954;0.024460000;60000;9595805245;B
20240214;095954;0.024460000;30000;9595805246;B
20240214;095954;0.024460000;20000;9595805247;B
20240214;095954;0.024460000;250000;9595805248;B
20240214;095954;0.024460000;70000;9595805249;B
20240214;095954;0.024460000;40000;9595805250;B
20240214;095954;0.024460000;50000;9595805251;B
20240214;095954;0.024460000;10000;9595805252;B
20240214;095954;0.024460000;20000;9595805253;B
20240214;095954;0.024460000;10000;9595805254;B
20240214;095954;0.024460000;70000;9595805255;B
20240214;095954;0.024460000;90000;9595805256;B
20240214;095954;0.024460000;10000;9595805257;B
20240214;095954;0.024460000;200000;9595805258;B
20240214;095954;0.024460000;150000;9595805259;B
20240214;095954;0.024460000;40000;9595805260;B
20240214;095954;0.024460000;70000;9595805261;B
20240214;095954;0.024460000;110000;9595805262;S
20240214;095954;0.024460000;10000;9595805263;S
20240214;095954;0.024460000;50000;9595805264;S
20240214;095954;0.024460000;1000000;9595805265;B
20240214;095954;0.024460000;10000000;9595805266;B
20240214;095954;0.024460000;10000;9595805267;B
20240214;095954;0.024460000;2000000;9595805268;B
20240214;095954;0.024460000;10000;9595805269;B
20240214;095954;0.024460000;80000;9595805270;B
20240214;095954;0.024460000;40000;9595805271;B
20240214;095954;0.024460000;1160000;9595805272;B
20240214;095954;0.024460000;30000;9595805273;B
20240214;095954;0.024460000;20000;9595805274;B
20240214;095954;0.024460000;530000;9595805275;S
20240214;095954;0.024460000;10000;9595805276;S
20240214;095954;0.024460000;70000;9595805277;S
20240214;095954;0.024460000;100000;9595805278;S
20240214;095954;0.024460000;10000;9595805279;S
20240214;095954;0.024460000;50000;9595805280;S
20240214;095954;0.024460000;15020000;9595805281;B
20240214;095954;0.024460000;500000;9595805282;B
20240214;095954;0.024460000;20000;9595805283;B
20240214;095954;0.024460000;3000000;9595805284;B
20240214;095954;0.024460000;22000000;9595805285;B
20240214;095954;0.024460000;2280000;9595805286;B
20240214;095954;0.024460000;40000;9595805287;B
20240214;095954;0.024460000;1900000;9595805288;B
20240214;095954;0.024460000;8100000;9595805289;B
20240214;095954;0.024460000;10000000;9595805290;B
20240214;095954;0.024460000;20000;9595805291;B
20240214;095954;0.024460000;10000;9595805292;B
20240214;095954;0.024460000;10000000;9595805293;B
20240214;095954;0.024460000;20000;9595805294;B
20240214;095954;0.024460000;8560000;9595805295;B
20240214;095954;0.024460000;4980000;9595805296;B
20240214;095954;0.024460000;1240000;9595805297;B
20240214;095954;0.024460000;70000;9595805298;B
20240214;095954;0.024460000;2690000;9595805299;B
20240214;095954;0.024460000;1000000;9595805300;B
20240214;095954;0.024460000;30000;9595805301;B
20240214;095954;0.024460000;790000;9595805302;B
20240214;095954;0.024460000;10000;9595805303;B
20240214;095954;0.024460000;120000;9595805304;B
20240214;095954;0.024460000;100000;9595805305;B
20240214;095954;0.024460000;10000;9595805306;B
20240214;095954;0.024460000;10000;9595805307;B
20240214;095954;0.024460000;50000;9595805308;B
20240214;095954;0.024460000;1000000;9595805309;B
20240214;095954;0.024460000;45660000;9595805310;B
20240214;095954;0.024460000;45660000;9595805311;B
20240214;095954;0.024460000;1000000;9595805312;B
20240214;095954;0.024460000;1000000;9595805313;B
20240214;095954;0.024460000;1220000;9595805314;B
20240214;095954;0.024460000;10000;9595805315;B
20240214;095954;0.024460000;770000;9595805316;B
20240214;095954;0.024460000;100000;9595805317;B
20240214;095954;0.024460000;1000000;9595805318;B
20240214;095954;0.024460000;10000;9595805319;B
20240214;095954;0.024460000;50000;9595805320;S
20240214;095954;0.024460000;1000000;9595805321;B
20240214;095954;0.024460000;7070000;9595805322;B
20240214;095954;0.024460000;4300000;9595805323;B
20240214;095954;0.024460000;1000000;9595805324;B
20240214;095954;0.024460000;1000000;9595805325;B
20240214;095954;0.024460000;100000;9595805326;B
20240214;095954;0.024460000;10000;9595805327;B
20240214;095954;0.024460000;100000;9595805328;B
20240214;095954;0.024460000;50000;9595805329;S
20240214;095954;0.024460000;50000;9595805330;S
20240214;095954;0.024460000;1000000;9595805331;B
20240214;095954;0.024460000;1000000;9595805332;B
20240214;095954;0.024460000;20000;9595805333;B
20240214;095954;0.024460000;80000;9595805334;B
20240214;095954;0.024460000;100000;9595805335;B
20240214;095954;0.024460000;10000;9595805336;B
20240214;095954;0.024460000;50000;9595805337;S
20240214;095954;0.024460000;50000;9595805338;S
20240214;095954;0.024460000;41080000;9595805339;B
20240214;095954;0.024460000;50000;9595805340;B
20240214;095954;0.024460000;4000000;9595805341;B
20240214;095954;0.024460000;10000;9595805342;B
20240214;095954;0.024460000;10000;9595805343;B
20240214;095954;0.024460000;150000;9595805344;B
20240214;095954;0.024460000;1000000;9595805345;B
20240214;095954;0.024460000;10000;9595805346;B
20240214;095954;0.024460000;110000;9595805347;B
20240214;095954;0.024460000;2000000;9595805348;S
20240214;095954;0.024460000;40000;9595805349;S
20240214;095954;0.024460000;30000;9595805350;S
20240214;095954;0.024460000;100000;9595805351;S
20240214;095954;0.024460000;10000;9595805352;S
20240214;095954;0.024460000;10000;9595805353;S
20240214;095954;0.024460000;50000;9595805354;S
20240214;095954;0.024460000;50000;9595805355;S
20240214;095954;0.024460000;340000;9595805356;B
20240214;095954;0.024460000;150000;9595805357;B
20240214;095954;0.024460000;510000;9595805358;B
20240214;095954;0.024460000;29490000;9595805359;B
20240214;095954;0.024460000;7600000;9595805360;B
20240214;095954;0.024460000;1000000;9595805361;B
20240214;095954;0.024460000;50000;9595805362;B
20240214;095954;0.024460000;20000;9595805363;B
20240214;095954;0.024460000;1430000;9595805364;B
20240214;095954;0.024460000;10000;9595805365;B
20240214;095954;0.024460000;6060000;9595805366;B
20240214;095954;0.024460000;1000000;9595805367;B
20240214;095954;0.024460000;1000000;9595805368;B
20240214;095954;0.024460000;100000;9595805369;B
20240214;095954;0.024460000;10000;9595805370;B
20240214;095954;0.024460000;50000;9595805371;S
20240214;095954;0.024460000;50000;9595805372;S
20240214;100000;0.024465000;1000000;9595807538;B
20240214;100000;0.024465000;10000;9595807539;B
20240214;100000;0.024465000;60000;9595807540;B
20240214;100000;0.024465000;10000;9595807541;B
20240214;100000;0.024465000;10000;9595807542;B
20240214;100000;0.024465000;10000;9595807543;B
20240214;100000;0.024465000;40000;9595807544;B
20240214;100000;0.024465000;60000;9595807545;B
20240214;100000;0.024465000;10000;9595807546;B
20240214;100000;0.024465000;10000;9595807547;B
20240214;100000;0.024465000;10000;9595807548;B
20240214;100000;0.024465000;10000;9595807549;B
20240214;100000;0.024465000;60000;9595807550;B
20240214;100000;0.024465000;100000;9595807551;B
20240214;100000;0.024465000;10000;9595807552;B
20240214;100000;0.024465000;50000;9595807553;B
20240214;100000;0.024465000;1310000;9595807554;B
20240214;100000;0.024465000;20000;9595807555;B
20240214;100000;0.024470000;1000000;9595807697;B
20240214;100000;0.024470000;50000;9595807698;B
20240214;100000;0.024470000;40000;9595807699;B
20240214;100000;0.024470000;1000000;9595807700;B
20240214;100000;0.024470000;3900000;9595807701;B
20240214;100000;0.024470000;6100000;9595807745;B
20240214;100000;0.024470000;2000000;9595807746;B
20240214;100000;0.024470000;3660000;9595807747;B
20240214;100000;0.024470000;46340000;9595807787;B
20240214;100000;0.024470000;30000;9595807788;B
20240214;100000;0.024470000;10000;9595807789;B
20240214;100000;0.024470000;50000;9595807790;B
20240214;100000;0.024475000;150000;9595807854;B
20240214;100000;0.024475000;470000;9595807855;B
20240214;100000;0.024475000;380000;9595807856;B
20240214;100000;0.024475000;1500000;9595807857;B
20240214;100000;0.024475000;30000;9595807858;B
20240214;100000;0.024475000;10000;9595807859;B
20240214;100000;0.024475000;50000;9595807860;B
20240214;100000;0.024480000;160000;9595807861;B
20240214;100000;0.024470000;640000;9595807865;S
20240214;100000;0.024475000;1000000;9595807975;B
20240214;100000;0.024470000;3500000;9595807997;B
20240214;100000;0.024480000;80000;9595808001;B
20240214;100001;0.024480000;30000;9595808395;B
20240214;100001;0.024465000;10000;9595808454;S
20240214;100001;0.024465000;10000;9595808674;S
20240214;100001;0.024470000;10000;9595808797;B
20240214;100001;0.024465000;50000;9595808904;S
20240214;100001;0.024465000;10000;9595809009;S
20240214;100001;0.024470000;28750000;9595809050;B
20240214;100001;0.024465000;720000;9595809108;S
20240214;100001;0.024470000;10000;9595809124;B
20240214;100001;0.024470000;230000;9595809186;B
20240214;100001;0.024470000;20000;9595809222;B
20240214;100001;0.024465000;50000;9595809356;S
20240214;100001;0.024470000;900000;9595809548;B
20240214;100001;0.024465000;90000;9595809598;S
20240214;100001;0.024465000;70000;9595809613;S
20240214;100001;0.024465000;12250000;9595809614;S
20240214;100001;0.024460000;1730000;9595809615;S
20240214;100001;0.024460000;950000;9595809616;S
20240214;100001;0.024470000;50000;9595809631;B
20240214;100002;0.024460000;50000;9595809862;S
20240214;100002;0.024460000;10000;9595810219;S
20240214;100002;0.024460000;50000;9595810503;S
20240214;100003;0.024460000;10000;9595810872;S
20240214;100003;0.024460000;50000;9595811414;S
20240214;100004;0.024460000;50000;9595812017;S
20240214;100004;0.024460000;50000;9595812566;S
20240214;100004;0.024460000;20000;9595812719;S
20240214;100004;0.024460000;50000;9595812731;S
20240214;100005;0.024460000;10000;9595813020;S
20240214;100005;0.024465000;20000;9595813625;B
20240214;100005;0.024465000;10000;9595814483;B
20240214;100006;0.024465000;50000;9595814808;B
20240214;100006;0.024465000;10000;9595814870;B
20240214;100006;0.024460000;10000;9595814872;S
20240214;100006;0.024465000;100000;9595814877;B
20240214;100006;0.024465000;10000;9595814884;B
20240214;100006;0.024465000;10000;9595814887;B
20240214;100006;0.024465000;40000;9595814892;B
20240214;100006;0.024460000;20000;9595814895;S
20240214;100006;0.024465000;10000;9595814933;B
20240214;100006;0.024465000;10000;9595814943;B
20240214;100006;0.024465000;10000;9595814945;B
20240214;100006;0.024465000;10000;9595814948;B
20240214;100006;0.024460000;50000;9595814958;S
20240214;100006;0.024460000;10000;9595815064;S
20240214;100006;0.024460000;10000;9595815196;S
20240214;100006;0.024460000;50000;9595815242;S
20240214;100006;0.024460000;10000;9595815269;S
20240214;100006;0.024460000;10000;9595815284;S
20240214;100006;0.024460000;60000;9595815355;S
20240214;100006;0.024460000;10000;9595815449;S
20240214;100006;0.024465000;20000;9595815450;B
20240214;100006;0.024460000;10000;9595815451;S
20240214;100006;0.024465000;50000;9595815486;B
20240214;100006;0.024460000;10000;9595815488;S
20240214;100006;0.024465000;10000;9595815496;B
20240214;100006;0.024465000;20000;9595815635;B
20240214;100006;0.024460000;10000;9595815709;S
20240214;100006;0.024460000;10000;9595815903;S
20240214;100006;0.024465000;30000;9595816036;B
20240214;100006;0.024460000;10000;9595816097;S
20240214;100007;0.024460000;110000;9595816192;S
20240214;100007;0.024465000;20000;9595816193;B
20240214;100007;0.024460000;10000;9595816194;S
20240214;100007;0.024460000;20000;9595816195;S
20240214;100007;0.024460000;10000;9595816196;S
20240214;100007;0.024465000;230000;9595816436;B
20240214;100007;0.024460000;30000;9595816609;S
20240214;100007;0.024460000;60000;9595816795;S
20240214;100007;0.024460000;10000;9595816796;S
20240214;100007;0.024460000;10000;9595816797;S
20240214;100007;0.024465000;11630000;9595816798;B
20240214;100007;0.024465000;4100000;9595816799;B
20240214;100007;0.024465000;10000;9595816800;B
20240214;100007;0.024465000;13180000;9595816801;B
20240214;100007;0.024470000;30040000;9595816802;B
20240214;100007;0.024470000;1000000;9595816803;B
20240214;100007;0.024470000;10000;9595816804;B
20240214;100007;0.024475000;2790000;9595816805;B
20240214;100007;0.024475000;1000000;9595816806;B
20240214;100007;0.024475000;100000;9595816807;B
20240214;100007;0.024475000;6000000;9595816808;B
20240214;100007;0.024475000;20000000;9595816809;B
20240214;100007;0.024480000;730000;9595816810;B
20240214;100007;0.024480000;1000000;9595816811;B
20240214;100007;0.024480000;80000;9595816812;B
20240214;100007;0.024480000;70000;9595816813;B
20240214;100007;0.024480000;2000000;9595816814;B
20240214;100007;0.024480000;2000000;9595816815;B
20240214;100007;0.024480000;30000;9595816816;B
20240214;100007;0.024480000;10000;9595816817;B
20240214;100007;0.024480000;10000;9595816818;B
20240214;100007;0.024480000;50000;9595816819;B
20240214;100007;0.024480000;1000000;9595816820;B
20240214;100007;0.024480000;1500000;9595816821;B
20240214;100007;0.024480000;15380000;9595816822;B
20240214;100007;0.024480000;36280000;9595816823;B
20240214;100007;0.024460000;100000;9595816832;S
20240214;100007;0.024465000;1000000;9595816835;B
20240214;100007;0.024465000;40000;9595816906;B
20240214;100007;0.024460000;60000;9595816907;S
20240214;100007;0.024460000;980000;9595816995;S
20240214;100007;0.024465000;10000;9595816997;B
20240214;100007;0.024465000;10000;9595817004;B
20240214;100007;0.024465000;10000;9595817009;B
20240214;100007;0.024465000;10000;9595817021;B
20240214;100007;0.024465000;10000;9595817025;B
20240214;100007;0.024460000;10000;9595817160;S
20240214;100007;0.024460000;30000;9595817168;S
20240214;100007;0.024460000;20000;9595817172;S
20240214;100007;0.024465000;10000;9595817174;B
20240214;100007;0.024480000;1490000;9595817175;B
20240214;100007;0.024480000;820000;9595817178;B
20240214;100007;0.024465000;30000;9595817180;S
20240214;100007;0.024480000;60000;9595817186;B
20240214;100007;0.024480000;50000;9595817189;B
20240214;100007;0.024465000;10000;9595817278;S
20240214;100008;0.024480000;10000;9595817301;B
20240214;100008;0.024465000;40000;9595817303;S
20240214;100008;0.024465000;30000;9595817306;S
20240214;100008;0.024480000;10000;9595817307;B
20240214;100008;0.024465000;10000;9595817308;S
20240214;100008;0.024480000;10000;9595817309;B
20240214;100008;0.024465000;40000;9595817311;S
20240214;100008;0.024480000;400000;9595817323;B
20240214;100008;0.024475000;60000;9595817779;B
20240214;100008;0.024475000;940000;9595817782;B
20240214;100008;0.024480000;9060000;9595817783;B
20240214;100008;0.024480000;40000;9595817921;B
20240214;100008;0.024480000;20000;9595817922;B
20240214;100008;0.024480000;60000;9595817924;B
20240214;100008;0.024480000;20000;9595817926;B
20240214;100008;0.024465000;20000;9595817930;S
20240214;100008;0.024465000;50000;9595818139;S
20240214;100008;0.024480000;50000;9595818142;B
20240214;100008;0.024465000;50000;9595818145;S
20240214;100008;0.024480000;10000;9595818146;B
20240214;100008;0.024465000;20000;9595818149;S
20240214;100008;0.024480000;10000;9595818375;B
20240214;100008;0.024465000;40000;9595818378;S
20240214;100008;0.024465000;40000;9595818382;S
20240214;100008;0.024465000;10000;9595818384;S
20240214;100008;0.024480000;10000;9595818439;B
20240214;100008;0.024480000;50000;9595818448;B
20240214;100008;0.024465000;10000;9595818543;S
20240214;100008;0.024465000;20000;9595818546;S
20240214;100008;0.024480000;30000;9595818547;B
20240214;100008;0.024480000;700000;9595818548;B
20240214;100008;0.024480000;550000;9595818549;B
20240214;100008;0.024465000;10000;9595818552;S
20240214;100008;0.024465000;50000;9595818560;S
20240214;100009;0.024470000;10000;9595818762;B
20240214;100009;0.024470000;40000;9595818950;S
20240214;100009;0.024480000;20000;9595818951;B
20240214;100009;0.024470000;20000;9595818953;S
20240214;100009;0.024470000;20000;9595818954;S
20240214;100009;0.024470000;50000;9595818956;S
20240214;100009;0.024480000;30000;9595818995;B
20240214;100009;0.024480000;20000;9595818996;B
20240214;100009;0.024470000;400000;9595819001;S
20240214;100009;0.024470000;470000;9595819012;S
20240214;100009;0.024465000;9530000;9595819013;S
20240214;100009;0.024460000;50000;9595819092;S
20240214;100009;0.024460000;50000;9595819458;S
20240214;100010;0.024465000;10000;9595819558;B
20240214;100010;0.024460000;10000;9595819559;S
20240214;100010;0.024465000;260000;9595819560;S
20240214;100010;0.024475000;10000;9595819561;B
20240214;100010;0.024475000;10000;9595819574;B
20240214;100010;0.024465000;20000;9595820027;S
20240214;100010;0.024475000;10000;9595820242;B
20240214;100010;0.024465000;50000;9595820388;S
20240214;100010;0.024475000;10000;9595820394;B
20240214;100010;0.024465000;50000;9595820395;S
20240214;100010;0.024475000;400000;9595820397;B
20240214;100010;0.024465000;10000;9595820398;S
20240214;100010;0.024475000;20000;9595820549;B
20240214;100011;0.024475000;30000;9595820649;B
20240214;100011;0.024465000;100000;9595820695;S
20240214;100011;0.024475000;130000;9595820729;B
20240214;100011;0.024465000;10000;9595820779;S
20240214;100011;0.024475000;60000;9595820991;B
20240214;100011;0.024475000;180000;9595821011;B
20240214;100011;0.024465000;500000;9595821022;S
20240214;100011;0.024465000;12250000;9595821023;S
20240214;100011;0.024460000;6840000;9595821024;S
20240214;100011;0.024460000;410000;9595821025;S
20240214;100012;0.024470000;10000;9595821412;B
20240214;100012;0.024470000;40000;9595821493;B
20240214;100012;0.024475000;3050000;9595821494;B
20240214;100012;0.024475000;10000;9595821495;B
20240214;100012;0.024475000;1000000;9595821496;B
20240214;100012;0.024475000;50000;9595821497;B
20240214;100012;0.024480000;850000;9595821498;B
20240214;100013;0.024465000;220000;9595821948;S
20240214;100014;0.024470000;200000;9595822699;B
20240214;100015;0.024470000;10000;9595823044;B
20240214;100015;0.024470000;50000;9595823063;B
20240214;100015;0.024470000;5000000;9595823268;B
20240214;100016;0.024460000;50000;9595823465;S
20240214;100019;0.024470000;10000;9595824673;B
20240214;100019;0.024460000;950000;9595824720;S
20240214;100019;0.024455000;48420000;9595824721;S
20240214;100019;0.024455000;1000000;9595824722;S
20240214;100019;0.024455000;1000000;9595824723;S
20240214;100019;0.024455000;5660000;9595824724;S
20240214;100019;0.024455000;12260000;9595824725;S
20240214;100019;0.024450000;1000000;9595824726;S
20240214;100019;0.024450000;100000;9595824727;S
20240214;100019;0.024450000;200000;9595824728;S
20240214;100019;0.024450000;10000;9595824729;S
20240214;100019;0.024450000;1000000;9595824730;S
20240214;100019;0.024450000;5660000;9595824731;S
20240214;100019;0.024445000;5660000;9595824732;S
20240214;100019;0.024445000;1000000;9595824733;S
20240214;100019;0.024445000;3000000;9595824734;S
20240214;100019;0.024445000;100000;9595824735;S
20240214;100019;0.024440000;6130000;9595824736;S
20240214;100019;0.024440000;5660000;9595824737;S
20240214;100019;0.024440000;1000000;9595824738;S
20240214;100019;0.024440000;190000;9595824739;S
20240214;100020;0.024465000;40000;9595825596;B
20240214;100021;0.024465000;10000;9595825717;B
20240214;100021;0.024445000;30000;9595825731;S
20240214;100021;0.024465000;950000;9595825867;B
20240214;100021;0.024465000;12300000;9595825868;B
20240214;100021;0.024465000;4100000;9595825869;B
20240214;100021;0.024470000;3700000;9595825870;B
20240214;100021;0.024465000;1000000;9595825900;B
20240214;100022;0.024445000;220000;9595826177;S
20240214;100023;0.024445000;20000;9595826296;S
20240214;100024;0.024465000;170000;9595826875;B
20240214;100024;0.024465000;11130000;9595827021;B
20240214;100024;0.024465000;1000000;9595827022;B
20240214;100024;0.024465000;4100000;9595827023;B
20240214;100024;0.024470000;1030000;9595827024;B
20240214;100024;0.024470000;2520000;9595827025;B
20240214;100026;0.024445000;730000;9595827558;S
20240214;100026;0.024445000;5660000;9595827559;S
20240214;100026;0.024445000;10000;9595827560;S
20240214;100026;0.024445000;500000;9595827561;S
20240214;100029;0.024445000;11760000;9595828841;S
20240214;100029;0.024445000;1000000;9595828842;S
20240214;100029;0.024445000;5660000;9595828843;S
20240214;100029;0.024445000;1000000;9595828844;S
20240214;100029;0.024440000;15190000;9595828845;S
20240214;100029;0.024440000;20820000;9595828846;S
20240214;100029;0.024440000;1000000;9595828847;S
20240214;100029;0.024440000;5660000;9595828848;S
20240214;100029;0.024435000;80000;9595828849;S
20240214;100029;0.024435000;5660000;9595828850;S
20240214;100029;0.024435000;1000000;9595828851;S
20240214;100029;0.024435000;170000;9595828852;S
20240214;100030;0.024455000;20000;9595829082;B
20240214;100031;0.024445000;60000;9595829408;B
20240214;100033;0.024445000;10000;9595829916;B
20240214;100033;0.024445000;40000;9595829926;B
20240214;100033;0.024445000;390000;9595829928;B
20240214;100033;0.024455000;110000;9595829929;B
20240214;100033;0.024455000;200000;9595830085;B
20240214;100034;0.024455000;10000;9595830245;B
20240214;100035;0.024455000;990000;9595830632;B
20240214;100035;0.024460000;3100000;9595830633;B
20240214;100036;0.024445000;10000;9595831265;S
20240214;100037;0.024445000;600000;9595831635;S
20240214;100037;0.024445000;500000;9595831675;S
20240214;100037;0.024445000;10000;9595831713;S
20240214;100038;0.024455000;100000;9595832087;B
20240214;100039;0.024445000;910000;9595832348;S
20240214;100039;0.024445000;1000000;9595832349;S
20240214;100039;0.024440000;1000000;9595832350;S
20240214;100039;0.024440000;5660000;9595832351;S
20240214;100039;0.024440000;6000000;9595832352;S
20240214;100039;0.024440000;5660000;9595832354;B
20240214;100039;0.024440000;4040000;9595832363;B
20240214;100040;0.024455000;10000;9595832735;B
20240214;100044;0.024445000;130000;9595834043;S
20240214;100045;0.024445000;170000;9595834072;S
20240214;100045;0.024455000;890000;9595834078;B
20240214;100045;0.024455000;6000000;9595834079;B
20240214;100045;0.024455000;5550000;9595834080;B
20240214;100045;0.024460000;4480000;9595834081;B
20240214;100045;0.024445000;10000;9595834402;S
20240214;100047;0.024455000;1000000;9595834959;B
20240214;100047;0.024455000;2000000;9595834960;B
20240214;100049;0.024455000;50000;9595835835;B
20240214;100049;0.024455000;20000;9595835922;B
20240214;100050;0.024455000;10230000;9595836268;B
20240214;100050;0.024455000;1000000;9595836269;B
20240214;100050;0.024455000;9140000;9595836270;B
20240214;100052;0.024455000;100000;9595836674;B
20240214;100052;0.024445000;1000000;9595836868;S
20240214;100054;0.024455000;10000;9595837286;B
20240214;100055;0.024455000;180000;9595837354;B
20240214;100055;0.024455000;10000;9595837466;B
20240214;100056;0.024450000;10000;9595837623;B
20240214;100056;0.024445000;1000000;9595837650;S
20240214;100057;0.024450000;10000;9595838103;B
20240214;100058;0.024445000;200000;9595838298;S
20240214;100058;0.024445000;1000000;9595838307;S
20240214;100059;0.024445000;1490000;9595838371;S
20240214;100059;0.024445000;10000;9595838372;S
20240214;100059;0.024445000;10000;9595838422;B
20240214;100059;0.024445000;80000;9595838427;B
20240214;100059;0.024445000;30000;9595838490;B
20240214;100100;0.024440000;1000000;9595838782;S
20240214;100100;0.024440000;230000;9595838783;S
20240214;100101;0.024440000;2000000;9595838895;S
20240214;100101;0.024440000;1000000;9595838896;S
20240214;100101;0.024440000;270000;9595838897;S
20240214;100101;0.024445000;880000;9595838944;B
20240214;100101;0.024450000;3120000;9595838945;B
20240214;100101;0.024450000;10000;9595838950;B
20240214;100102;0.024440000;500000;9595839210;S
20240214;100102;0.024450000;10000;9595839251;B
20240214;100102;0.024440000;500000;9595839313;S
20240214;100102;0.024440000;20000;9595839314;S
20240214;100102;0.024435000;330000;9595839315;S
20240214;100102;0.024435000;10000;9595839316;S
20240214;100102;0.024435000;10000;9595839317;S
20240214;100102;0.024435000;10000;9595839318;S
20240214;100102;0.024435000;10000;9595839319;S
20240214;100102;0.024435000;10000;9595839320;S
20240214;100102;0.024435000;100000;9595839321;S
20240214;100103;0.024445000;10000;9595839347;B
20240214;100103;0.024435000;10000;9595839386;S
20240214;100105;0.024435000;50000;9595839790;S
20240214;100105;0.024445000;100000;9595839905;B
20240214;100106;0.024435000;1500000;9595839951;S
20240214;100106;0.024445000;10000;9595840028;B
20240214;100107;0.024435000;100000;9595840235;S
20240214;100107;0.024435000;250000;9595840236;S
20240214;100107;0.024435000;50000;9595840283;S
20240214;100107;0.024435000;20000;9595840287;S
20240214;100109;0.024435000;680000;9595840615;S
20240214;100109;0.024435000;5000000;9595840616;S
20240214;100109;0.024430000;710000;9595840617;S
20240214;100109;0.024430000;3610000;9595840618;S
20240214;100110;0.024440000;10000;9595840753;B
20240214;100110;0.024445000;60000;9595840754;B
20240214;100110;0.024430000;10000000;9595840956;S
20240214;100111;0.024445000;40000;9595841166;B
20240214;100111;0.024445000;60000;9595841244;B
20240214;100112;0.024430000;3690000;9595841250;S
20240214;100112;0.024445000;9500000;9595841259;B
20240214;100112;0.024430000;7700000;9595841350;S
20240214;100112;0.024430000;2300000;9595841351;S
20240214;100114;0.024435000;40000;9595841753;S
20240214;100114;0.024435000;40000;9595841768;S
20240214;100114;0.024435000;20000;9595841825;S
20240214;100114;0.024435000;900000;9595841883;S
20240214;100114;0.024430000;5000000;9595841884;S
20240214;100114;0.024430000;3100000;9595841885;S
20240214;100114;0.024430000;5000000;9595841942;S
20240214;100114;0.024430000;5000000;9595841943;S
20240214;100115;0.024430000;10000;9595841972;S
20240214;100115;0.024445000;10000;9595842012;B
20240214;100115;0.024430000;4990000;9595842133;S
20240214;100115;0.024430000;5010000;9595842134;S
20240214;100116;0.024425000;30000;9595842257;S
20240214;100117;0.024430000;4900000;9595842398;B
20240214;100117;0.024425000;30000;9595842440;S
20240214;100117;0.024425000;40000;9595842506;S
20240214;100117;0.024430000;3800000;9595842775;B
20240214;100118;0.024430000;20000;9595842813;B
20240214;100118;0.024430000;1280000;9595842934;B
20240214;100118;0.024430000;60000;9595842935;B
20240214;100118;0.024440000;710000;9595842936;B
20240214;100119;0.024430000;1000000;9595842998;S
20240214;100120;0.024430000;300000;9595843272;B
20240214;100121;0.024430000;8700000;9595843442;B
20240214;100121;0.024440000;10000;9595843443;B
20240214;100121;0.024440000;10000;9595843444;B
20240214;100121;0.024440000;1000000;9595843445;B
20240214;100121;0.024445000;210000;9595843446;B
20240214;100121;0.024445000;20000;9595843447;B
20240214;100121;0.024445000;50000;9595843448;B
20240214;100121;0.024445000;3000000;9595843449;B
20240214;100121;0.024445000;740000;9595843450;B
20240214;100121;0.024445000;10000;9595843491;B
20240214;100122;0.024445000;250000;9595843573;B
20240214;100122;0.024440000;80000;9595843574;S
20240214;100122;0.024440000;3920000;9595843590;S
20240214;100122;0.024440000;4000000;9595843591;S
20240214;100122;0.024435000;1000000;9595843592;S
20240214;100122;0.024430000;1000000;9595843593;S
20240214;100122;0.024430000;80000;9595843594;S
20240214;100122;0.024425000;200000;9595843728;S
20240214;100123;0.024425000;40000;9595843918;S
20240214;100124;0.024445000;400000;9595844166;B
20240214;100124;0.024445000;10000;9595844250;B
20240214;100125;0.024445000;10000;9595844280;B
20240214;100126;0.024445000;580000;9595844607;B
20240214;100126;0.024445000;20000;9595844608;B
20240214;100127;0.024440000;10000;9595844915;B
20240214;100128;0.024440000;100000;9595845095;B
20240214;100129;0.024440000;10000;9595845436;B
20240214;100129;0.024445000;190000;9595845437;B
20240214;100130;0.024445000;700000;9595845685;B
20240214;100130;0.024430000;520000;9595845849;S
20240214;100130;0.024445000;10000;9595845924;B
20240214;100133;0.024440000;80000;9595846465;S
20240214;100134;0.024440000;50000;9595846568;S
20240214;100135;0.024440000;20000;9595846609;S
20240214;100135;0.024445000;30000;9595846667;B
20240214;100136;0.024445000;500000;9595846779;B
20240214;100136;0.024440000;350000;9595846818;S
20240214;100136;0.024430000;450000;9595846819;S
20240214;100137;0.024430000;140000;9595847234;S
20240214;100138;0.024435000;10000;9595847353;B
20240214;100138;0.024435000;170000;9595847360;B
20240214;100138;0.024440000;1000000;9595847361;B
20240214;100138;0.024445000;4570000;9595847362;B
20240214;100138;0.024445000;30000;9595847363;B
20240214;100138;0.024445000;1000000;9595847364;B
20240214;100138;0.024445000;30740000;9595847365;B
20240214;100138;0.024445000;2000000;9595847366;B
20240214;100138;0.024445000;6480000;9595847367;B
20240214;100138;0.024450000;4010000;9595847368;B
20240214;100138;0.024445000;1000000;9595847370;B
20240214;100138;0.024445000;1000000;9595847371;B
20240214;100139;0.024445000;10000;9595847582;B
20240214;100140;0.024445000;10000;9595847836;B
20240214;100141;0.024430000;820000;9595847998;S
20240214;100143;0.024445000;100000;9595848252;B
20240214;100143;0.024445000;130000;9595848272;B
20240214;100143;0.024445000;500000;9595848340;B
20240214;100144;0.024440000;50000;9595848404;S
20240214;100144;0.024440000;400000;9595848483;S
20240214;100145;0.024440000;20000;9595848544;S
20240214;100145;0.024440000;10000;9595848623;S
20240214;100146;0.024440000;20000;9595848938;S
20240214;100147;0.024440000;10000;9595848990;B
20240214;100147;0.024445000;250000;9595848991;B
20240214;100147;0.024445000;90000;9595848992;B
20240214;100147;0.024450000;4100000;9595848993;B
20240214;100147;0.024450000;10000000;9595848994;B
20240214;100147;0.024450000;550000;9595848995;B
20240214;100148;0.024435000;20000;9595849218;S
20240214;100148;0.024435000;70000;9595849322;S
20240214;100149;0.024435000;30000;9595849402;S
20240214;100149;0.024440000;10000;9595849739;B
20240214;100151;0.024435000;30000;9595850174;S
20240214;100151;0.024435000;100000;9595850175;S
20240214;100152;0.024435000;20000;9595850309;S
20240214;100154;0.024440000;110000;9595850840;B
20240214;100154;0.024435000;50000;9595850864;S
20240214;100154;0.024440000;10000;9595850866;B
20240214;100154;0.024440000;10000;9595850939;B
20240214;100157;0.024440000;20000;9595851596;B
20240214;100158;0.024435000;10000;9595851740;S
20240214;100158;0.024435000;80000;9595851761;S
20240214;100158;0.024435000;160000;9595851877;S
20240214;100159;0.024435000;10000;9595852112;S
20240214;100200;0.024435000;320000;9595852162;S
20240214;100200;0.024430000;4010000;9595852163;S
20240214;100200;0.024440000;110000;9595852332;B
20240214;100202;0.024440000;30000;9595852632;B
20240214;100202;0.024430000;140000;9595852729;S
20240214;100203;0.024440000;60000;9595852877;B
20240214;100205;0.024440000;10000;9595853174;B
20240214;100206;0.024440000;10000;9595853293;B
20240214;100206;0.024440000;16000000;9595853325;B
20240214;100206;0.024440000;70000;9595853368;B
20240214;100207;0.024440000;20000;9595853463;B
20240214;100207;0.024430000;20000;9595853470;S
20240214;100207;0.024430000;980000;9595853471;S
20240214;100207;0.024430000;20000;9595853496;S
20240214;100207;0.024430000;10000;9595853497;S
20240214;100207;0.024435000;30000;9595853623;S
20240214;100208;0.024440000;80000;9595853669;B
20240214;100208;0.024435000;50000;9595853673;S
20240214;100209;0.024440000;5000000;9595854053;B
20240214;100210;0.024440000;4530000;9595854117;B
20240214;100210;0.024445000;470000;9595854118;B
20240214;100210;0.024435000;10000;9595854149;S
20240214;100210;0.024435000;30000;9595854286;S
20240214;100211;0.024435000;30000;9595854293;S
20240214;100212;0.024435000;50000;9595854475;S
20240214;100215;0.024435000;60000;9595855223;S
20240214;100216;0.024440000;10000;9595855275;B
20240214;100216;0.024440000;490000;9595855276;B
20240214;100217;0.024435000;940000;9595855709;S
20240214;100217;0.024435000;650000;9595855710;S
20240214;100217;0.024440000;80000;9595855753;B
20240214;100218;0.024435000;70000;9595855929;S
20240214;100221;0.024440000;350000;9595856975;B
20240214;100221;0.024440000;50000;9595857008;B
20240214;100221;0.024440000;1230000;9595857088;B
20240214;100221;0.024440000;1000000;9595857089;B
20240214;100221;0.024440000;2770000;9595857090;B
20240214;100221;0.024440000;400000;9595857153;B
20240214;100223;0.024435000;10000;9595857469;S
20240214;100223;0.024435000;10000;9595857470;S
20240214;100223;0.024440000;30000;9595857556;B
20240214;100224;0.024440000;10000;9595857853;B
20240214;100224;0.024440000;10000;9595857891;B
20240214;100226;0.024440000;10000;9595858066;B
20240214;100226;0.024435000;60000;9595858212;S
20240214;100227;0.024440000;400000;9595858369;B
20240214;100228;0.024435000;10000;9595858530;S
20240214;100228;0.024435000;400000;9595858553;S
20240214;100228;0.024435000;40000;9595858596;S
20240214;100229;0.024435000;40000;9595858690;S
20240214;100232;0.024440000;2000000;9595859256;B
20240214;100232;0.024435000;200000;9595859310;S
20240214;100232;0.024435000;10000;9595859351;S
20240214;100234;0.024440000;110000;9595859644;B
20240214;100235;0.024440000;10000;9595859721;B
20240214;100235;0.024435000;1370000;9595859798;S
20240214;100236;0.024440000;450000;9595859870;B
20240214;100236;0.024435000;2130000;9595859901;S
20240214;100236;0.024435000;4730000;9595859902;S
20240214;100236;0.024435000;1000000;9595859903;S
20240214;100236;0.024430000;2140000;9595859904;S
20240214;100236;0.024440000;410000;9595859975;B
20240214;100237;0.024435000;10000;9595860034;S
20240214;100239;0.024435000;80000;9595860746;S
20240214;100240;0.024440000;14700000;9595861621;B
20240214;100241;0.024440000;40000;9595862611;B
20240214;100241;0.024440000;3650000;9595862679;B
20240214;100241;0.024440000;1350000;9595862680;B
20240214;100241;0.024440000;200000;9595862720;B
20240214;100242;0.024440000;10000;9595862859;B
20240214;100242;0.024440000;470000;9595863033;B
20240214;100242;0.024445000;18760000;9595863034;B
20240214;100242;0.024435000;10000;9595863057;S
20240214;100244;0.024440000;80000;9595863343;B
20240214;100244;0.024440000;40000;9595863386;B
20240214;100244;0.024435000;70000;9595863427;S
20240214;100246;0.024440000;100000;9595863821;B
20240214;100247;0.024440000;2100000;9595864037;B
20240214;100247;0.024440000;4000000;9595864058;B
20240214;100247;0.024435000;70000;9595864077;S
20240214;100251;0.024440000;3680000;9595864978;B
20240214;100251;0.024440000;80000;9595864979;B
20240214;100251;0.024445000;23480000;9595864980;B
20240214;100253;0.024440000;220000;9595865684;S
20240214;100253;0.024445000;50000;9595865712;B
20240214;100255;0.024440000;10000;9595866314;S
20240214;100256;0.024445000;580000;9595866564;B
20240214;100258;0.024445000;12130000;9595867013;B
20240214;100258;0.024445000;50000;9595867014;B
20240214;100258;0.024450000;5450000;9595867015;B
20240214;100258;0.024450000;3880000;9595867016;B
20240214;100258;0.024450000;40000;9595867017;B
20240214;100258;0.024450000;1000000;9595867018;B
20240214;100258;0.024450000;10000;9595867019;B
20240214;100258;0.024450000;206880000;9595867020;B
20240214;100258;0.024450000;100000;9595867021;B
20240214;100258;0.024450000;1200000;9595867022;B
20240214;100258;0.024450000;250000;9595867023;B
20240214;100258;0.024450000;1750000;9595867024;B
20240214;100258;0.024455000;10560000;9595867025;B
20240214;100258;0.024455000;1000000;9595867026;B
20240214;100258;0.024455000;500000;9595867027;B
20240214;100258;0.024455000;6000000;9595867028;B
20240214;100258;0.024455000;20000000;9595867029;B
20240214;100258;0.024455000;5660000;9595867030;B
20240214;100258;0.024455000;12270000;9595867031;B
20240214;100258;0.024460000;1000000;9595867032;B
20240214;100258;0.024460000;6000000;9595867033;B
20240214;100258;0.024460000;10250000;9595867034;B
20240214;100258;0.024460000;5660000;9595867035;B
20240214;100258;0.024460000;500000;9595867036;B
20240214;100258;0.024460000;10000;9595867037;B
20240214;100258;0.024465000;1000000;9595867038;B
20240214;100258;0.024465000;6000000;9595867039;B
20240214;100258;0.024465000;500000;9595867040;B
20240214;100258;0.024465000;80000;9595867041;B
20240214;100258;0.024465000;5660000;9595867042;B
20240214;100258;0.024465000;8000000;9595867043;B
20240214;100258;0.024465000;40000000;9595867044;B
20240214;100258;0.024470000;2220000;9595867045;B
20240214;100258;0.024470000;1000000;9595867046;B
20240214;100258;0.024470000;10000;9595867047;B
20240214;100258;0.024470000;6000000;9595867048;B
20240214;100258;0.024470000;5660000;9595867049;B
20240214;100258;0.024470000;1000000;9595867050;B
20240214;100258;0.024470000;40000;9595867051;B
20240214;100258;0.024470000;100000;9595867052;B
20240214;100258;0.024470000;80000000;9595867053;B
20240214;100258;0.024470000;1000000;9595867054;B
20240214;100258;0.024475000;10000;9595867055;B
20240214;100258;0.024475000;1000000;9595867056;B
20240214;100258;0.024475000;5660000;9595867057;B
20240214;100258;0.024475000;6000000;9595867058;B
20240214;100258;0.024475000;10000000;9595867059;B
20240214;100258;0.024475000;10000;9595867060;B
20240214;100258;0.024475000;6900000;9595867061;B
20240214;100258;0.024465000;10000;9595867160;S
20240214;100258;0.024465000;10000;9595867345;S
20240214;100259;0.024475000;10000;9595867356;B
20240214;100259;0.024465000;4780000;9595867444;S
20240214;100259;0.024465000;1200000;9595867519;S
20240214;100259;0.024465000;1000000;9595867520;S
20240214;100259;0.024465000;2250000;9595867521;S
20240214;100259;0.024465000;9060000;9595867522;S
20240214;100259;0.024465000;50000;9595867565;S
20240214;100301;0.024465000;50000;9595868293;S
20240214;100302;0.024470000;10000;9595868554;B
20240214;100302;0.024470000;10000;9595868555;B
20240214;100302;0.024475000;420000;9595868556;B
20240214;100303;0.024475000;170000;9595868999;B
20240214;100304;0.024475000;100000;9595869079;B
20240214;100304;0.024475000;10000;9595869153;B
20240214;100304;0.024475000;220000;9595869230;B
20240214;100305;0.024465000;2000000;9595869265;S
20240214;100305;0.024475000;40000;9595869272;B
20240214;100305;0.024475000;10030000;9595869394;B
20240214;100305;0.024475000;150000;9595869395;B
20240214;100306;0.024475000;10000;9595869483;B
20240214;100306;0.024475000;10000;9595869484;B
20240214;100306;0.024480000;20000;9595869485;B
20240214;100306;0.024480000;30000;9595869617;B
20240214;100306;0.024480000;1250000;9595869618;B
20240214;100307;0.024480000;70000;9595869732;B
20240214;100308;0.024470000;1000000;9595869906;S
20240214;100308;0.024470000;3630000;9595869907;S
20240214;100309;0.024470000;2370000;9595870300;S
20240214;100309;0.024470000;1120000;9595870301;S
20240214;100309;0.024470000;4000000;9595870302;S
20240214;100309;0.024470000;1000000;9595870303;S
20240214;100309;0.024470000;1510000;9595870304;S
20240214;100310;0.024470000;70000;9595870434;S
20240214;100311;0.024475000;10000;9595870570;B
20240214;100311;0.024475000;40000;9595870638;B
20240214;100312;0.024470000;10250000;9595870925;S
20240214;100313;0.024475000;4050000;9595871092;B
20240214;100313;0.024475000;500000;9595871093;B
20240214;100313;0.024475000;12250000;9595871094;B
20240214;100313;0.024480000;4340000;9595871095;B
20240214;100313;0.024480000;22650000;9595871096;B
20240214;100313;0.024480000;190000;9595871097;B
20240214;100313;0.024480000;10000;9595871098;B
20240214;100313;0.024480000;1000000;9595871099;B
20240214;100313;0.024485000;1000000;9595871100;B
20240214;100313;0.024485000;1350000;9595871101;B
20240214;100313;0.024485000;20000;9595871102;B
20240214;100313;0.024485000;2640000;9595871103;B
20240214;100313;0.024480000;30000;9595871127;B
20240214;100314;0.024480000;10000;9595871232;B
20240214;100314;0.024480000;12210000;9595871305;B
20240214;100314;0.024485000;360000;9595871306;B
20240214;100314;0.024485000;4500000;9595871307;B
20240214;100314;0.024485000;15000000;9595871308;B
20240214;100314;0.024485000;1330000;9595871309;B
20240214;100314;0.024485000;10000;9595871310;B
20240214;100314;0.024485000;10000;9595871311;B
20240214;100314;0.024485000;50000;9595871312;B
20240214;100314;0.024485000;10000;9595871313;B
20240214;100314;0.024485000;5660000;9595871314;B
20240214;100314;0.024490000;10000;9595871315;B
20240214;100314;0.024490000;1000000;9595871316;B
20240214;100314;0.024490000;1000000;9595871317;B
20240214;100314;0.024490000;200000;9595871318;B
20240214;100314;0.024490000;20000;9595871319;B
20240214;100314;0.024490000;60000;9595871320;B
20240214;100314;0.024490000;10000;9595871321;B
20240214;100314;0.024490000;10000;9595871322;B
20240214;100314;0.024490000;50000;9595871323;B
20240214;100314;0.024490000;5660000;9595871324;B
20240214;100314;0.024490000;2840000;9595871325;B
20240214;100314;0.024485000;5660000;9595871343;B
20240214;100314;0.024485000;2860000;9595871346;B
20240214;100314;0.024485000;1000000;9595871398;S
20240214;100314;0.024485000;2660000;9595871399;S
20240214;100314;0.024485000;2730000;9595871400;S
20240214;100314;0.024480000;140000;9595871421;S
20240214;100315;0.024485000;1150000;9595871546;B
20240214;100315;0.024485000;50000;9595871547;B
20240214;100315;0.024490000;7160000;9595871548;B
20240214;100315;0.024490000;500000;9595871549;B
20240214;100315;0.024490000;70000;9595871550;B
20240214;100315;0.024490000;40000;9595871551;B
20240214;100315;0.024490000;100000;9595871552;B
20240214;100315;0.024490000;5660000;9595871553;B
20240214;100315;0.024490000;1080000;9595871554;B
20240214;100315;0.024490000;10000;9595871603;B
20240214;100315;0.024480000;860000;9595871690;S
20240214;100315;0.024480000;560000;9595871691;S
20240214;100315;0.024475000;1000000;9595871692;S
20240214;100315;0.024475000;50000;9595871693;S
20240214;100315;0.024475000;3930000;9595871694;S
20240214;100318;0.024485000;10000;9595872048;B
20240214;100318;0.024490000;190000;9595872049;B
20240214;100319;0.024490000;10000;9595872653;B
20240214;100320;0.024490000;10000;9595872757;B
20240214;100320;0.024480000;80000;9595872809;S
20240214;100320;0.024480000;10000;9595872844;S
20240214;100320;0.024480000;160000;9595872913;S
20240214;100323;0.024480000;10000;9595873554;S
20240214;100323;0.024485000;10000;9595873766;B
20240214;100323;0.024485000;10000;9595873767;B
20240214;100323;0.024485000;980000;9595873768;B
20240214;100324;0.024485000;20000;9595874103;B
20240214;100324;0.024485000;50000;9595874104;B
20240214;100324;0.024475000;2070000;9595874111;S
20240214;100324;0.024475000;4000000;9595874112;S
20240214;100324;0.024475000;1000000;9595874113;S
20240214;100324;0.024475000;1900000;9595874114;S
20240214;100324;0.024475000;2500000;9595874115;S
20240214;100326;0.024475000;10000;9595874661;B
20240214;100327;0.024470000;20000;9595874757;S
20240214;100328;0.024475000;3560000;9595875278;B
20240214;100329;0.024470000;10000;9595875317;S
20240214;100329;0.024475000;4960000;9595875371;B
20240214;100329;0.024475000;40000;9595875372;B
20240214;100329;0.024475000;1000000;9595875373;B
20240214;100329;0.024480000;1000000;9595875374;B
20240214;100329;0.024480000;6920000;9595875375;B
20240214;100329;0.024480000;2440000;9595875376;B
20240214;100329;0.024480000;3300000;9595875377;B
20240214;100329;0.024485000;950000;9595875378;B
20240214;100329;0.024485000;5660000;9595875379;B
20240214;100329;0.024485000;12250000;9595875380;B
20240214;100329;0.024490000;2800000;9595875381;B
20240214;100329;0.024490000;50000;9595875382;B
20240214;100329;0.024490000;5660000;9595875383;B
20240214;100329;0.024490000;1000000;9595875384;B
20240214;100329;0.024490000;20000;9595875385;B
20240214;100329;0.024490000;10000;9595875386;B
20240214;100329;0.024490000;1940000;9595875387;B
20240214;100329;0.024485000;10000;9595875663;B
20240214;100330;0.024485000;110000;9595875976;B
20240214;100330;0.024485000;3980000;9595876396;B
20240214;100330;0.024485000;1000000;9595876397;B
20240214;100330;0.024485000;20000;9595876398;B
20240214;100331;0.024485000;110000;9595876616;B
20240214;100333;0.024485000;80000;9595877468;B
20240214;100333;0.024485000;10000;9595877737;B
20240214;100333;0.024480000;70000;9595877780;S
20240214;100334;0.024485000;120000;9595877990;B
20240214;100335;0.024485000;10000;9595878402;B
20240214;100336;0.024480000;2430000;9595878596;S
20240214;100337;0.024475000;1000000;9595878993;B
20240214;100337;0.024475000;940000;9595878994;B
20240214;100338;0.024475000;10000;9595879191;B
20240214;100342;0.024470000;10000;9595880055;S
20240214;100342;0.024470000;1480000;9595880098;S
20240214;100342;0.024470000;10000;9595880099;S
20240214;100342;0.024470000;1000000;9595880100;S
20240214;100342;0.024470000;450000;9595880101;S
20240214;100342;0.024470000;60000;9595880102;S
20240214;100343;0.024465000;250000;9595880414;S
20240214;100344;0.024475000;3150000;9595880510;B
20240214;100344;0.024475000;12300000;9595880511;B
20240214;100344;0.024475000;1000000;9595880512;B
20240214;100344;0.024480000;10250000;9595880513;B
20240214;100344;0.024475000;1000000;9595880521;B
20240214;100344;0.024475000;330000;9595880532;B
20240214;100344;0.024465000;10000;9595880539;S
20240214;100344;0.024465000;50000;9595880557;S
20240214;100345;0.024465000;40000;9595880754;S
20240214;100346;0.024465000;1000000;9595881139;S
20240214;100347;0.024475000;1580000;9595881272;B
20240214;100348;0.024475000;1330000;9595881631;B
20240214;100349;0.024465000;2550000;9595881730;S
20240214;100349;0.024465000;1000000;9595881731;S
20240214;100349;0.024465000;1000000;9595881732;S
20240214;100349;0.024465000;2410000;9595881733;S
20240214;100349;0.024460000;3040000;9595881734;S
20240214;100349;0.024470000;20000;9595881735;B
20240214;100349;0.024470000;10000;9595881740;B
20240214;100349;0.024470000;3400000;9595881970;B
20240214;100349;0.024470000;1000000;9595881971;B
20240214;100349;0.024475000;1000000;9595881972;B
20240214;100349;0.024475000;3600000;9595881973;B
20240214;100350;0.024470000;500000;9595882191;B
20240214;100351;0.024470000;100000;9595882238;B
20240214;100351;0.024470000;20000;9595882284;B
20240214;100351;0.024460000;100000;9595882313;S
20240214;100351;0.024470000;10000;9595882412;B
20240214;100352;0.024470000;1080000;9595882709;B
20240214;100352;0.024475000;4920000;9595882710;B
20240214;100353;0.024475000;4100000;9595882907;B
20240214;100353;0.024475000;1000000;9595882908;B
20240214;100353;0.024475000;500000;9595882909;B
20240214;100353;0.024475000;890000;9595882910;B
20240214;100353;0.024475000;12300000;9595882911;B
20240214;100353;0.024480000;9970000;9595882912;B
20240214;100353;0.024480000;1000000;9595882913;B
20240214;100353;0.024480000;9160000;9595882914;B
20240214;100353;0.024475000;80000;9595882917;B
20240214;100354;0.024475000;40000;9595883062;B
20240214;100354;0.024475000;820000;9595883207;B
20240214;100355;0.024475000;1050000;9595883364;B
20240214;100355;0.024475000;90000;9595883365;B
20240214;100355;0.024480000;30840000;9595883366;B
20240214;100355;0.024480000;400000;9595883367;B
20240214;100355;0.024480000;1000000;9595883368;B
20240214;100355;0.024480000;3000000;9595883369;B
20240214;100355;0.024480000;1000000;9595883370;B
20240214;100355;0.024480000;2580000;9595883371;B
20240214;100355;0.024480000;50000000;9595883404;S
20240214;100356;0.024480000;60040000;9595883740;S
20240214;100356;0.024480000;2630000;9595883741;S
20240214;100357;0.024480000;20000;9595883768;B
20240214;100358;0.024480000;300000;9595883977;B
20240214;100358;0.024475000;380000;9595884030;S
20240214;100358;0.024480000;10000;9595884259;B
20240214;100358;0.024475000;10000;9595884276;S
20240214;100359;0.024480000;21000000;9595884339;B
20240214;100400;0.024480000;100000;9595884864;B
20240214;100401;0.024475000;90000;9595885169;S
20240214;100401;0.024475000;20000;9595885175;S
20240214;100401;0.024475000;10000;9595885176;S
20240214;100401;0.024475000;20000;9595885177;S
20240214;100402;0.024475000;30000;9595885264;B
20240214;100402;0.024475000;4000000;9595885367;B
20240214;100403;0.024475000;4050000;9595885642;B
20240214;100403;0.024475000;10000;9595885693;B
20240214;100404;0.024470000;30000;9595886048;S
20240214;100404;0.024470000;1000000;9595886049;S
20240214;100404;0.024465000;1000000;9595886050;S
20240214;100404;0.024465000;4000000;9595886051;S
20240214;100404;0.024465000;12300000;9595886052;S
20240214;100404;0.024465000;4100000;9595886053;S
20240214;100404;0.024460000;2860000;9595886054;S
20240214;100404;0.024460000;1000000;9595886055;S
20240214;100404;0.024460000;18710000;9595886056;S
20240214;100405;0.024470000;250000;9595886589;B
20240214;100407;0.024470000;10000;9595887748;B
20240214;100408;0.024470000;20000;9595887891;B
20240214;100411;0.024470000;10000;9595888649;B
20240214;100411;0.024470000;50000;9595888786;B
20240214;100411;0.024470000;60000;9595888848;B
20240214;100411;0.024475000;1940000;9595888849;B
20240214;100412;0.024465000;30000;9595888866;S
20240214;100413;0.024465000;1970000;9595889286;S
20240214;100413;0.024465000;1000000;9595889287;S
20240214;100413;0.024460000;1000000;9595889288;S
20240214;100413;0.024460000;2030000;9595889289;S
20240214;100414;0.024475000;2000000;9595889835;B
20240214;100415;0.024465000;150000;9595890009;S
20240214;100415;0.024465000;30000;9595890041;S
20240214;100416;0.024475000;100000;9595890642;B
20240214;100417;0.024465000;50000;9595890870;S
20240214;100417;0.024465000;10000;9595890926;S
20240214;100418;0.024465000;680000;9595890983;S
20240214;100418;0.024465000;100000;9595891197;S
20240214;100418;0.024460000;1000000;9595891198;S
20240214;100418;0.024460000;1000000;9595891199;S
20240214;100419;0.024470000;70000;9595891290;B
20240214;100420;0.024475000;90000;9595891538;B
20240214;100422;0.024470000;50000;9595892059;B
20240214;100423;0.024460000;1000000;9595892274;S
20240214;100423;0.024460000;1440000;9595892275;S
20240214;100424;0.024470000;10000;9595892551;B
20240214;100425;0.024470000;1280000;9595892784;B
20240214;100426;0.024465000;100000;9595893195;S
20240214;100427;0.024465000;10000;9595893324;S
20240214;100428;0.024470000;10000;9595893704;B
20240214;100428;0.024470000;700000;9595893727;B
20240214;100428;0.024470000;140000;9595893728;B
20240214;100428;0.024475000;4010000;9595893729;B
20240214;100428;0.024475000;12300000;9595893730;B
20240214;100428;0.024475000;1000000;9595893731;B
20240214;100428;0.024475000;1850000;9595893732;B
20240214;100429;0.024470000;20000;9595894278;B
20240214;100430;0.024465000;300000;9595894461;S
20240214;100430;0.024465000;710000;9595894462;S
20240214;100433;0.024465000;60000;9595894980;S
20240214;100435;0.024470000;340000;9595895554;B
20240214;100436;0.024465000;70000;9595895805;S
20240214;100437;0.024470000;100000;9595895905;B
20240214;100437;0.024465000;160000;9595896028;S
20240214;100437;0.024465000;840000;9595896029;S
20240214;100437;0.024465000;70000;9595896030;S
20240214;100438;0.024470000;60000;9595896191;B
20240214;100440;0.024465000;20000;9595896500;S
20240214;100442;0.024465000;70000;9595896961;S
20240214;100443;0.024465000;930000;9595897260;S
20240214;100443;0.024465000;390000;9595897261;S
20240214;100446;0.024465000;10000;9595898076;B
20240214;100447;0.024465000;10000;9595898260;B
20240214;100448;0.024460000;6100000;9595898403;S
20240214;100450;0.024465000;10000;9595898988;B
20240214;100450;0.024460000;170000;9595899058;S
20240214;100450;0.024460000;20000;9595899138;S
20240214;100451;0.024465000;30000;9595899232;B
20240214;100452;0.024465000;250000;9595899616;B
20240214;100452;0.024465000;10000;9595899620;B
20240214;100453;0.024465000;4710000;9595899769;B
20240214;100453;0.024465000;100000;9595899770;B
20240214;100453;0.024465000;190000;9595899771;B
20240214;100453;0.024465000;2000000;9595899794;B
20240214;100454;0.024465000;140000;9595899884;B
20240214;100454;0.024460000;10000;9595899962;S
20240214;100454;0.024460000;4990000;9595899963;S
20240214;100455;0.024465000;60000;9595900201;B
20240214;100457;0.024465000;10000;9595900491;B
20240214;100459;0.024465000;700000;9595900903;B
20240214;100459;0.024465000;10000;9595900904;B
20240214;100459;0.024460000;1000000;9595900905;S
20240214;100459;0.024460000;25720000;9595900906;S
20240214;100503;0.024460000;300000;9595901842;S
20240214;100505;0.024465000;10000;9595902397;B
20240214;100506;0.024465000;50000;9595902528;B
20240214;100506;0.024470000;850000;9595902529;B
20240214;100506;0.024465000;30000;9595902581;B
20240214;100506;0.024465000;1970000;9595902582;B
20240214;100508;0.024465000;40000;9595903072;B
20240214;100508;0.024470000;20000;9595903073;B
20240214;100508;0.024460000;10000;9595903122;S
20240214;100509;0.024465000;700000;9595903332;B
20240214;100511;0.024465000;200000;9595904060;B
20240214;100513;0.024460000;40000;9595904778;S
20240214;100514;0.024460000;1000000;9595904867;S
20240214;100514;0.024465000;10000;9595904920;B
20240214;100514;0.024460000;50000;9595904927;S
20240214;100514;0.024465000;2000000;9595904956;B
20240214;100514;0.024460000;10000;9595904960;S
20240214;100515;0.024460000;10000;9595905076;S
20240214;100515;0.024465000;60000;9595905165;B
20240214;100515;0.024465000;10000;9595905225;B
20240214;100517;0.024460000;20000;9595905605;S
20240214;100517;0.024460000;10000;9595905647;S
20240214;100521;0.024460000;200000;9595906590;S
20240214;100525;0.024460000;50000;9595907427;S
20240214;100525;0.024460000;2000000;9595907519;S
20240214;100527;0.024465000;350000;9595907979;B
20240214;100527;0.024465000;10000;9595907980;B
20240214;100527;0.024465000;110000;9595907981;B
20240214;100529;0.024460000;10000;9595908487;S
20240214;100530;0.024460000;40000;9595908650;S
20240214;100530;0.024460000;1250000;9595908724;S
20240214;100530;0.024460000;250000;9595908725;S
20240214;100534;0.024465000;10000;9595909844;B
20240214;100535;0.024460000;50000;9595909970;S
20240214;100535;0.024460000;10000;9595909971;S
20240214;100536;0.024460000;40000;9595910136;S
20240214;100536;0.024460000;50000;9595910189;S
20240214;100538;0.024460000;900000;9595910686;S
20240214;100538;0.024460000;60000;9595910687;S
20240214;100538;0.024460000;50000;9595910688;S
20240214;100538;0.024460000;10000;9595910689;S
20240214;100538;0.024460000;10000000;9595910690;S
20240214;100538;0.024460000;19760000;9595910691;S
20240214;100538;0.024460000;100000;9595910692;S
20240214;100538;0.024460000;70000;9595910693;S
20240214;100538;0.024460000;10000;9595910782;B
20240214;100539;0.024460000;5000000;9595910920;B
20240214;100539;0.024455000;10000;9595911053;S
20240214;100539;0.024455000;150000;9595911054;S
20240214;100542;0.024460000;5000000;9595911568;B
20240214;100542;0.024460000;5000000;9595911596;B
20240214;100542;0.024460000;80000;9595911678;B
20240214;100544;0.024455000;50000;9595912026;S
20240214;100545;0.024455000;30000;9595912454;S
20240214;100546;0.024455000;3560000;9595912647;S
20240214;100548;0.024455000;28570000;9595913183;S
20240214;100548;0.024455000;1000000;9595913184;S
20240214;100548;0.024455000;10000;9595913185;S
20240214;100548;0.024455000;60000;9595913186;S
20240214;100548;0.024450000;1000000;9595913187;S
20240214;100548;0.024450000;1000000;9595913188;S
20240214;100548;0.024450000;10000;9595913189;S
20240214;100548;0.024450000;60000;9595913190;S
20240214;100548;0.024450000;270000;9595913191;S
20240214;100548;0.024450000;400000;9595913192;S
20240214;100548;0.024450000;6000000;9595913193;S
20240214;100548;0.024450000;12300000;9595913194;S
20240214;100548;0.024450000;12260000;9595913195;S
20240214;100548;0.024445000;3000000;9595913196;S
20240214;100548;0.024445000;1000000;9595913197;S
20240214;100548;0.024445000;6000000;9595913198;S
20240214;100548;0.024445000;130000;9595913199;S
20240214;100548;0.024445000;10000;9595913200;S
20240214;100548;0.024445000;10000;9595913201;S
20240214;100548;0.024445000;10000;9595913202;S
20240214;100548;0.024445000;10000;9595913203;S
20240214;100548;0.024445000;10000;9595913204;S
20240214;100548;0.024445000;10000;9595913205;S
20240214;100548;0.024445000;10000;9595913206;S
20240214;100548;0.024445000;10000;9595913207;S
20240214;100548;0.024445000;10000;9595913208;S
20240214;100548;0.024445000;10000;9595913209;S
20240214;100548;0.024445000;100000;9595913210;S
20240214;100548;0.024445000;30000000;9595913211;S
20240214;100548;0.024445000;30760000;9595913212;S
20240214;100548;0.024440000;770000;9595913213;S
20240214;100548;0.024440000;6000000;9595913214;S
20240214;100548;0.024440000;5660000;9595913215;S
20240214;100548;0.024440000;210000;9595913216;S
20240214;100548;0.024440000;450000;9595913217;S
20240214;100548;0.024440000;10000000;9595913218;S
20240214;100548;0.024440000;1000000;9595913219;S
20240214;100548;0.024440000;80000000;9595913220;S
20240214;100548;0.024440000;100000;9595913221;S
20240214;100548;0.024440000;100000;9595913222;S
20240214;100548;0.024435000;10000;9595913223;S
20240214;100548;0.024435000;8000000;9595913224;S
20240214;100548;0.024435000;50000;9595913225;S
20240214;100548;0.024435000;6000000;9595913226;S
20240214;100548;0.024435000;5660000;9595913227;S
20240214;100548;0.024435000;220000;9595913228;S
20240214;100548;0.024435000;1000000;9595913229;S
20240214;100548;0.024435000;10000;9595913230;S
20240214;100548;0.024435000;500000;9595913231;S
20240214;100548;0.024435000;10000;9595913232;S
20240214;100548;0.024430000;1360000;9595913233;S
20240214;100548;0.024430000;2000000;9595913234;S
20240214;100548;0.024430000;5660000;9595913235;S
20240214;100548;0.024430000;6000000;9595913236;S
20240214;100548;0.024430000;30000;9595913237;S
20240214;100548;0.024430000;50000;9595913238;S
20240214;100548;0.024430000;1000000;9595913239;S
20240214;100548;0.024430000;10000;9595913240;S
20240214;100548;0.024430000;40000000;9595913241;S
20240214;100548;0.024430000;20000;9595913242;S
20240214;100548;0.024425000;10000;9595913243;S
20240214;100548;0.024425000;6000000;9595913244;S
20240214;100548;0.024425000;10000000;9595913245;S
20240214;100548;0.024425000;5660000;9595913246;S
20240214;100548;0.024425000;1000000;9595913247;S
20240214;100548;0.024425000;410000;9595913248;S
20240214;100548;0.024425000;7500000;9595913249;S
20240214;100548;0.024420000;1000000;9595913250;S
20240214;100548;0.024420000;5660000;9595913251;S
20240214;100548;0.024420000;6000000;9595913252;S
20240214;100548;0.024420000;10000;9595913253;S
20240214;100548;0.024420000;1000000;9595913254;S
20240214;100548;0.024420000;4100000;9595913255;S
20240214;100548;0.024415000;10000;9595913256;S
20240214;100548;0.024415000;30000;9595913257;S
20240214;100548;0.024415000;30000000;9595913258;S
20240214;100548;0.024415000;200000;9595913259;S
20240214;100548;0.024415000;1000000;9595913260;S
20240214;100548;0.024415000;5660000;9595913261;S
20240214;100548;0.024415000;6000000;9595913262;S
20240214;100548;0.024415000;40000000;9595913263;S
20240214;100548;0.024415000;1000000;9595913264;S
20240214;100548;0.024415000;13900000;9595913265;S
20240214;100548;0.024410000;37940000;9595913266;S
20240214;100548;0.024420000;5000000;9595913299;S
20240214;100548;0.024420000;5000000;9595913300;S
20240214;100548;0.024420000;350000;9595913401;S
20240214;100548;0.024425000;50000;9595913444;S
20240214;100550;0.024435000;100000;9595913752;B
20240214;100550;0.024425000;50000;9595913829;S
20240214;100551;0.024435000;450000;9595913879;B
20240214;100551;0.024435000;50000;9595913939;B
20240214;100551;0.024420000;20000;9595913955;S
20240214;100551;0.024435000;400000;9595913965;B
20240214;100551;0.024435000;3670000;9595913966;B
20240214;100553;0.024420000;800000;9595914392;S
20240214;100553;0.024435000;20000;9595914429;B
20240214;100556;0.024435000;10000;9595915042;B
20240214;100557;0.024420000;430000;9595915294;S
20240214;100558;0.024420000;30000;9595915549;S
20240214;100600;0.024435000;10000;9595916083;B
20240214;100600;0.024435000;2290000;9595916113;B
20240214;100600;0.024435000;20000;9595916114;B
20240214;100600;0.024435000;1000000;9595916115;B
20240214;100600;0.024440000;190000;9595916116;B
20240214;100601;0.024435000;50000;9595916289;B
20240214;100601;0.024435000;20000;9595916301;B
20240214;100601;0.024435000;380000;9595916306;B
20240214;100602;0.024420000;50000;9595916557;S
20240214;100603;0.024435000;10000;9595916614;B
20240214;100603;0.024435000;10000;9595916624;B
20240214;100604;0.024435000;530000;9595916898;B
20240214;100604;0.024435000;470000;9595916899;B
20240214;100607;0.024420000;10000;9595917768;S
20240214;100609;0.024420000;20000;9595918247;S
20240214;100611;0.024435000;10000;9595918744;B
20240214;100612;0.024420000;200000;9595918849;S
20240214;100613;0.024420000;10000;9595919020;S
20240214;100613;0.024430000;10000;9595919177;B
20240214;100616;0.024430000;1000000;9595919610;B
20240214;100616;0.024435000;5520000;9595919611;B
20240214;100616;0.024435000;1750000;9595919612;B
20240214;100616;0.024430000;500000;9595919787;B
20240214;100618;0.024435000;1600000;9595920155;B
20240214;100619;0.024435000;120000;9595920379;B
20240214;100620;0.024435000;10000;9595920710;B
20240214;100620;0.024435000;10000;9595920728;B
20240214;100620;0.024435000;30000;9595920783;B
20240214;100620;0.024430000;1640000;9595920827;S
20240214;100623;0.024435000;200000;9595921452;B
20240214;100623;0.024435000;10000;9595921508;B
20240214;100623;0.024430000;5570000;9595921514;S
20240214;100623;0.024430000;3000000;9595921515;S
20240214;100623;0.024430000;1430000;9595921516;S
20240214;100625;0.024430000;60000;9595922052;S
20240214;100625;0.024430000;220000;9595922053;S
20240214;100628;0.024435000;10000;9595922690;B
20240214;100628;0.024430000;40000;9595922695;S
20240214;100629;0.024430000;2960000;9595922800;S
20240214;100629;0.024430000;520000;9595922801;S
20240214;100629;0.024430000;2520000;9595922802;S
20240214;100629;0.024425000;20000;9595922806;S
20240214;100629;0.024425000;2980000;9595922882;S
20240214;100629;0.024425000;20000;9595922883;S
20240214;100629;0.024430000;50000;9595922926;B
20240214;100629;0.024430000;50000;9595922927;B
20240214;100631;0.024430000;20000;9595923308;B
20240214;100633;0.024425000;12260000;9595923794;S
20240214;100633;0.024425000;3560000;9595923795;S
20240214;100633;0.024420000;10000000;9595923796;S
20240214;100633;0.024420000;100000;9595923797;S
20240214;100633;0.024415000;12300000;9595923798;S
20240214;100633;0.024415000;1780000;9595923799;S
20240214;100633;0.024420000;1000000;9595923906;S
20240214;100633;0.024430000;10000;9595923952;B
20240214;100634;0.024430000;3970000;9595924012;B
20240214;100634;0.024430000;1030000;9595924013;B
20240214;100635;0.024420000;20000;9595924169;S
20240214;100636;0.024430000;10000;9595924344;B
20240214;100639;0.024430000;20000;9595925058;B
20240214;100639;0.024430000;50000;9595925070;B
20240214;100639;0.024420000;80000;9595925183;S
20240214;100641;0.024430000;100000;9595925417;B
20240214;100641;0.024420000;20000;9595925522;S
20240214;100642;0.024430000;1790000;9595925682;B
20240214;100642;0.024430000;1520000;9595925683;B
20240214;100642;0.024430000;2530000;9595925684;B
20240214;100644;0.024425000;50000;9595926215;B
20240214;100645;0.024425000;290000;9595926443;B
20240214;100646;0.024425000;50000;9595926692;B
20240214;100646;0.024425000;2610000;9595926722;B
20240214;100646;0.024425000;640000;9595926723;B
20240214;100648;0.024425000;10000;9595927150;B
20240214;100648;0.024420000;10000;9595927291;S
20240214;100650;0.024425000;50000;9595927571;B
20240214;100651;0.024420000;12290000;9595927729;S
20240214;100651;0.024420000;5000000;9595927730;S
20240214;100651;0.024420000;3530000;9595927731;S
20240214;100651;0.024415000;16280000;9595927732;S
20240214;100651;0.024415000;6000000;9595927733;S
20240214;100651;0.024415000;5660000;9595927734;S
20240214;100651;0.024415000;1240000;9595927735;S
20240214;100651;0.024420000;250000;9595927766;B
20240214;100653;0.024420000;10000;9595928174;B
20240214;100653;0.024415000;10000000;9595928208;S
20240214;100653;0.024415000;20000;9595928238;S
20240214;100657;0.024420000;2990000;9595929139;B
20240214;100657;0.024420000;2480000;9595929140;B
20240214;100657;0.024425000;3000000;9595929141;B
20240214;100657;0.024425000;530000;9595929142;B
20240214;100657;0.024415000;50000;9595929143;S
20240214;100657;0.024415000;40000;9595929246;S
20240214;100658;0.024420000;10000;9595929326;B
20240214;100658;0.024415000;20000;9595929403;S
20240214;100658;0.024420000;200000;9595929662;B
20240214;100702;0.024420000;2000000;9595930671;B
20240214;100704;0.024415000;50000;9595930953;S
20240214;100704;0.024415000;400000;9595930980;S
20240214;100704;0.024415000;10000;9595931114;S
20240214;100704;0.024420000;790000;9595931117;B
20240214;100704;0.024420000;10000;9595931118;B
20240214;100704;0.024420000;490000;9595931119;B
20240214;100704;0.024425000;30000;9595931212;B
20240214;100705;0.024420000;710000;9595931510;S
20240214;100705;0.024415000;11730000;9595931511;S
20240214;100705;0.024415000;2400000;9595931512;S
20240214;100705;0.024415000;10000;9595931513;S
20240214;100705;0.024415000;3480000;9595931514;S
20240214;100705;0.024410000;32060000;9595931515;S
20240214;100705;0.024410000;100000;9595931516;S
20240214;100705;0.024410000;2650000;9595931517;S
20240214;100705;0.024410000;2060000;9595931518;S
20240214;100705;0.024410000;50000000;9595931519;S
20240214;100705;0.024410000;2000000;9595931520;S
20240214;100705;0.024410000;1000000;9595931521;S
20240214;100705;0.024410000;5660000;9595931522;S
20240214;100705;0.024410000;50000;9595931523;S
20240214;100705;0.024410000;500000;9595931524;S
20240214;100705;0.024410000;390000;9595931525;S
20240214;100705;0.024410000;300000;9595931526;S
20240214;100705;0.024410000;6000000;9595931527;S
20240214;100705;0.024410000;200000;9595931528;S
20240214;100705;0.024405000;10000000;9595931529;S
20240214;100705;0.024405000;5000000;9595931530;S
20240214;100705;0.024405000;100000;9595931531;S
20240214;100705;0.024405000;1500000;9595931532;S
20240214;100705;0.024405000;50000;9595931533;S
20240214;100705;0.024405000;1000000;9595931534;S
20240214;100705;0.024405000;2000000;9595931535;S
20240214;100705;0.024405000;1740000;9595931536;S
20240214;100705;0.024405000;1000000;9595931537;S
20240214;100705;0.024405000;30000;9595931538;S
20240214;100705;0.024405000;2220000;9595931539;S
20240214;100705;0.024405000;5660000;9595931540;S
20240214;100705;0.024405000;6000000;9595931541;S
20240214;100705;0.024405000;1000000;9595931542;S
20240214;100705;0.024405000;2000000;9595931543;S
20240214;100705;0.024405000;27900000;9595931544;S
20240214;100705;0.024405000;1000000;9595931545;S
20240214;100705;0.024405000;10000000;9595931546;S
20240214;100705;0.024405000;170000;9595931547;S
20240214;100705;0.024405000;10000;9595931548;S
20240214;100705;0.024405000;200000;9595931549;S
20240214;100705;0.024405000;110000;9595931550;S
20240214;100705;0.024405000;200000;9595931551;S
20240214;100705;0.024405000;50000;9595931552;S
20240214;100705;0.024400000;1000000;9595931553;S
20240214;100705;0.024400000;20000;9595931554;S
20240214;100705;0.024400000;1000000;9595931555;S
20240214;100705;0.024400000;2500000;9595931556;S
20240214;100705;0.024400000;4000000;9595931557;S
20240214;100705;0.024400000;10000;9595931558;S
20240214;100705;0.024400000;2660000;9595931559;S
20240214;100705;0.024400000;1200000;9595931560;S
20240214;100705;0.024400000;10000;9595931561;S
20240214;100705;0.024400000;25000000;9595931562;S
20240214;100705;0.024400000;200000;9595931563;S
20240214;100705;0.024400000;1000000;9595931564;S
20240214;100705;0.024400000;191330000;9595931565;S
20240214;100705;0.024400000;3000000;9595931566;S
20240214;100705;0.024400000;500000;9595931567;S
20240214;100705;0.024400000;10000;9595931568;S
20240214;100705;0.024400000;10000;9595931569;S
20240214;100705;0.024400000;5660000;9595931570;S
20240214;100705;0.024400000;18200000;9595931571;S
20240214;100705;0.024400000;10000;9595931572;S
20240214;100705;0.024400000;400000;9595931573;S
20240214;100705;0.024400000;5000000;9595931574;S
20240214;100705;0.024400000;10000;9595931575;S
20240214;100705;0.024400000;6000000;9595931576;S
20240214;100705;0.024400000;1660000;9595931577;S
20240214;100705;0.024400000;100000;9595931578;S
20240214;100705;0.024400000;50000;9595931579;S
20240214;100705;0.024400000;500000;9595931580;S
20240214;100705;0.024400000;1500000;9595931581;S
20240214;100705;0.024400000;400000;9595931582;S
20240214;100705;0.024400000;40000;9595931583;S
20240214;100705;0.024400000;10000;9595931584;S
20240214;100705;0.024400000;4500000;9595931585;S
20240214;100705;0.024400000;580000;9595931586;S
20240214;100705;0.024400000;700000;9595931587;S
20240214;100705;0.024400000;18220000;9595931588;S
20240214;100705;0.024400000;10000000;9595931589;S
20240214;100705;0.024400000;15000000;9595931590;S
20240214;100705;0.024400000;500000;9595931591;S
20240214;100705;0.024400000;900000;9595931592;S
20240214;100705;0.024400000;2470000;9595931593;S
20240214;100705;0.024400000;12280000;9595931594;S
20240214;100705;0.024395000;30000;9595931595;S
20240214;100705;0.024395000;30000;9595931596;S
20240214;100705;0.024395000;20000;9595931597;S
20240214;100705;0.024395000;10000;9595931598;S
20240214;100705;0.024395000;30000;9595931599;S
20240214;100705;0.024395000;10000;9595931600;S
20240214;100705;0.024395000;80000;9595931601;S
20240214;100705;0.024395000;20000;9595931602;S
20240214;100705;0.024395000;10000;9595931603;S
20240214;100705;0.024395000;10000;9595931604;S
20240214;100705;0.024395000;30000;9595931605;S
20240214;100705;0.024395000;10000;9595931606;S
20240214;100705;0.024395000;150000;9595931607;S
20240214;100705;0.024395000;70000;9595931608;S
20240214;100705;0.024395000;10000;9595931609;S
20240214;100705;0.024395000;40000;9595931610;S
20240214;100705;0.024395000;20000;9595931611;S
20240214;100705;0.024395000;20000;9595931612;S
20240214;100705;0.024395000;1000000;9595931613;S
20240214;100705;0.024395000;50000;9595931614;S
20240214;100705;0.024395000;10000;9595931615;S
20240214;100705;0.024395000;100000;9595931616;S
20240214;100705;0.024395000;10000;9595931617;S
20240214;100705;0.024395000;1000000;9595931618;S
20240214;100705;0.024395000;240000;9595931619;S
20240214;100705;0.024395000;20000;9595931620;S
20240214;100705;0.024395000;10000;9595931621;S
20240214;100705;0.024395000;100000;9595931622;S
20240214;100705;0.024395000;10000;9595931623;S
20240214;100705;0.024395000;340000;9595931624;S
20240214;100705;0.024395000;320000;9595931625;S
20240214;100705;0.024395000;1100000;9595931626;S
20240214;100705;0.024395000;20000;9595931627;S
20240214;100705;0.024395000;12250000;9595931628;S
20240214;100705;0.024395000;10000;9595931629;S
20240214;100705;0.024395000;500000;9595931630;S
20240214;100705;0.024395000;5000000;9595931631;S
20240214;100705;0.024395000;5660000;9595931632;S
20240214;100705;0.024395000;10000;9595931633;S
20240214;100705;0.024395000;10000;9595931634;S
20240214;100705;0.024395000;6000000;9595931635;S
20240214;100705;0.024395000;10000;9595931636;S
20240214;100705;0.024395000;230000000;9595931637;S
20240214;100705;0.024395000;7500000;9595931638;S
20240214;100705;0.024390000;90000;9595931639;S
20240214;100705;0.024390000;10000;9595931640;S
20240214;100705;0.024390000;1000000;9595931641;S
20240214;100705;0.024390000;200000;9595931642;S
20240214;100705;0.024390000;40000;9595931643;S
20240214;100705;0.024390000;5900000;9595931644;S
20240214;100705;0.024390000;200000;9595931645;S
20240214;100705;0.024390000;10000;9595931646;S
20240214;100705;0.024390000;1000000;9595931647;S
20240214;100705;0.024390000;5660000;9595931648;S
20240214;100705;0.024390000;10000;9595931649;S
20240214;100705;0.024390000;10000;9595931650;S
20240214;100705;0.024390000;6000000;9595931651;S
20240214;100705;0.024390000;2050000;9595931652;S
20240214;100705;0.024390000;10000;9595931653;S
20240214;100705;0.024390000;30000;9595931654;S
20240214;100705;0.024390000;18300000;9595931655;S
20240214;100705;0.024390000;27700000;9595931656;S
20240214;100705;0.024390000;13200000;9595931657;S
20240214;100705;0.024390000;1000000;9595931658;B
20240214;100705;0.024390000;2000000;9595931659;B
20240214;100705;0.024390000;5000000;9595931661;B
20240214;100705;0.024385000;20000;9595931665;S
20240214;100705;0.024385000;10000;9595931666;S
20240214;100705;0.024385000;3790000;9595931667;S
20240214;100705;0.024385000;10000;9595931668;S
20240214;100705;0.024385000;10000;9595931669;S
20240214;100705;0.024385000;10000;9595931670;S
20240214;100705;0.024385000;30000;9595931671;S
20240214;100705;0.024385000;20000;9595931672;S
20240214;100705;0.024385000;2100000;9595931673;S
20240214;100705;0.024385000;1900000;9595931679;S
20240214;100705;0.024385000;1000000;9595931680;S
20240214;100705;0.024385000;2100000;9595931681;S
20240214;100705;0.024385000;700000;9595931682;B
20240214;100705;0.024385000;100000;9595931683;B
20240214;100705;0.024385000;200000;9595931690;B
20240214;100705;0.024385000;1000000;9595931691;B
20240214;100705;0.024385000;300000;9595931692;B
20240214;100705;0.024380000;100000;9595931703;S
20240214;100705;0.024380000;1000000;9595931704;S
20240214;100705;0.024380000;60000;9595931705;S
20240214;100705;0.024380000;500000;9595931706;S
20240214;100705;0.024380000;50000;9595931707;S
20240214;100705;0.024380000;10000;9595931708;S
20240214;100705;0.024380000;200000;9595931709;S
20240214;100705;0.024380000;130000;9595931710;S
20240214;100705;0.024380000;10000;9595931711;S
20240214;100705;0.024380000;100000;9595931712;S
20240214;100705;0.024380000;100000;9595931713;S
20240214;100705;0.024380000;1000000;9595931714;S
20240214;100705;0.024380000;4000000;9595931715;S
20240214;100705;0.024380000;100000;9595931716;S
20240214;100705;0.024380000;10000;9595931717;S
20240214;100705;0.024380000;10000;9595931718;S
20240214;100705;0.024380000;10000;9595931719;S
20240214;100705;0.024380000;10000;9595931720;S
20240214;100705;0.024380000;4810000;9595931721;S
20240214;100705;0.024380000;3890000;9595931722;S
20240214;100705;0.024375000;10000;9595931725;S
20240214;100705;0.024375000;1000000;9595931726;S
20240214;100705;0.024375000;20000;9595931727;S
20240214;100705;0.024375000;10000;9595931728;S
20240214;100705;0.024375000;10000;9595931729;S
20240214;100705;0.024375000;10000;9595931730;S
20240214;100705;0.024370000;10000;9595931800;S
20240214;100706;0.024370000;1190000;9595931836;S
20240214;100706;0.024370000;100000;9595931837;S
20240214;100706;0.024370000;10000;9595931838;S
20240214;100706;0.024370000;10000;9595931839;S
20240214;100706;0.024370000;600000;9595931840;S
20240214;100706;0.024370000;990000;9595931841;S
20240214;100706;0.024370000;90000;9595931859;S
20240214;100706;0.024375000;100000;9595931861;B
20240214;100706;0.024370000;200000;9595931917;S
20240214;100706;0.024375000;10000;9595931923;B
20240214;100706;0.024375000;50000;9595931924;B
20240214;100706;0.024375000;420000;9595931940;B
20240214;100707;0.024375000;10000;9595932153;B
20240214;100707;0.024375000;10000;9595932160;B
20240214;100708;0.024370000;300000;9595932381;S
20240214;100708;0.024370000;100000;9595932404;S
20240214;100709;0.024370000;8320000;9595932632;S
20240214;100709;0.024370000;10000;9595932633;S
20240214;100709;0.024370000;30000;9595932634;S
20240214;100709;0.024370000;1640000;9595932635;S
20240214;100709;0.024375000;20000;9595932663;B
20240214;100710;0.024375000;10000;9595932886;B
20240214;100711;0.024370000;620000;9595932995;S
20240214;100711;0.024375000;40000;9595933078;B
20240214;100711;0.024375000;4270000;9595933182;B
20240214;100711;0.024375000;1000000;9595933183;B
20240214;100711;0.024375000;1000000;9595933184;B
20240214;100711;0.024375000;6000000;9595933185;S
20240214;100711;0.024380000;560000;9595933235;B
20240214;100712;0.024375000;40000;9595933499;S
20240214;100712;0.024380000;70000;9595933553;B
20240214;100712;0.024380000;370000;9595933573;B
20240214;100712;0.024380000;630000;9595933574;B
20240214;100714;0.024380000;20000;9595933747;B
20240214;100714;0.024380000;1000000;9595933807;B
20240214;100714;0.024380000;500000;9595933852;B
20240214;100715;0.024380000;20000;9595934032;B
20240214;100715;0.024380000;500000;9595934139;B
20240214;100716;0.024380000;1000000;9595934221;B
20240214;100718;0.024375000;10000;9595934663;S
20240214;100718;0.024375000;350000;9595934695;S
20240214;100718;0.024375000;800000;9595934720;S
20240214;100720;0.024380000;2330000;9595935429;B
20240214;100720;0.024380000;5660000;9595935430;B
20240214;100720;0.024380000;500000;9595935431;B
20240214;100720;0.024380000;1000000;9595935432;B
20240214;100720;0.024380000;1000000;9595935433;B
20240214;100720;0.024380000;1000000;9595935434;B
20240214;100720;0.024380000;270000;9595935435;B
20240214;100720;0.024380000;500000;9595935436;B
20240214;100721;0.024375000;10000;9595935821;S
20240214;100723;0.024380000;500000;9595936566;B
20240214;100723;0.024380000;250000;9595936567;B
20240214;100723;0.024380000;1000000;9595936568;B
20240214;100723;0.024380000;6000000;9595936569;B
20240214;100723;0.024380000;5660000;9595936570;B
20240214;100723;0.024380000;1000000;9595936571;B
20240214;100723;0.024380000;10000;9595936572;B
20240214;100723;0.024380000;1000000;9595936573;B
20240214;100723;0.024380000;1000000;9595936574;B
20240214;100723;0.024380000;1000000;9595936575;B
20240214;100723;0.024380000;4360000;9595936576;B
20240214;100723;0.024385000;5360000;9595936577;B
20240214;100723;0.024385000;1000000;9595936578;B
20240214;100723;0.024385000;6000000;9595936579;B
20240214;100723;0.024385000;100000;9595936580;B
20240214;100723;0.024390000;15760000;9595936581;B
20240214;100724;0.024380000;10000;9595936674;B
20240214;100724;0.024380000;110000;9595936789;B
20240214;100724;0.024380000;1000000;9595936790;B
20240214;100724;0.024380000;6000000;9595936791;B
20240214;100724;0.024385000;2890000;9595936792;B
20240214;100724;0.024385000;20000;9595936885;B
20240214;100725;0.024385000;3090000;9595936893;B
20240214;100725;0.024385000;1000000;9595936894;B
20240214;100725;0.024385000;5660000;9595936895;B
20240214;100725;0.024390000;40250000;9595936896;B
20240214;100725;0.024385000;1000000;9595936902;B
20240214;100725;0.024385000;6000000;9595936903;B
20240214;100725;0.024385000;5660000;9595936904;B
20240214;100725;0.024390000;67340000;9595936905;B
20240214;100725;0.024380000;1000000;9595937135;S
20240214;100725;0.024380000;4410000;9595937136;S
20240214;100725;0.024380000;1430000;9595937137;S
20240214;100726;0.024390000;9900000;9595937402;B
20240214;100727;0.024390000;20500000;9595937523;B
20240214;100728;0.024380000;300000;9595937677;S
20240214;100728;0.024390000;60000;9595937681;B
20240214;100728;0.024390000;5000000;9595937702;B
20240214;100728;0.024390000;400000;9595937744;B
20240214;100728;0.024390000;250000;9595937752;B
20240214;100728;0.024390000;40000;9595937789;B
20240214;100729;0.024390000;10000000;9595937797;B
20240214;100729;0.024390000;220820000;9595937806;B
20240214;100729;0.024390000;6000000;9595937807;B
20240214;100729;0.024390000;5660000;9595937808;B
20240214;100729;0.024390000;1000000;9595937809;B
20240214;100729;0.024395000;840000;9595937810;B
20240214;100729;0.024395000;400000;9595937812;B
20240214;100729;0.024395000;1100000;9595937813;B
20240214;100729;0.024400000;550000;9595937814;B
20240214;100729;0.024410000;10000;9595937848;B
20240214;100729;0.024405000;10000;9595937884;S
20240214;100729;0.024405000;60000;9595937928;S
20240214;100729;0.024410000;10000;9595937954;B
20240214;100730;0.024410000;880000;9595938090;B
20240214;100731;0.024410000;190000;9595938244;B
20240214;100732;0.024410000;1000000;9595938378;B
20240214;100732;0.024410000;220000;9595938714;B
20240214;100733;0.024405000;20000;9595938778;S
20240214;100734;0.024405000;10000;9595939003;S
20240214;100734;0.024410000;700000;9595939087;B
20240214;100734;0.024415000;12300000;9595939088;B
20240214;100734;0.024415000;3000000;9595939089;B
20240214;100734;0.024415000;4690000;9595939090;B
20240214;100734;0.024420000;5660000;9595939091;B
20240214;100734;0.024420000;1000000;9595939092;B
20240214;100734;0.024420000;30000000;9595939093;B
20240214;100734;0.024420000;4000000;9595939094;B
20240214;100734;0.024425000;50000;9595939095;B
20240214;100734;0.024425000;5660000;9595939096;B
20240214;100734;0.024425000;6000000;9595939097;B
20240214;100734;0.024425000;1000000;9595939098;B
20240214;100734;0.024425000;24940000;9595939099;B
20240214;100735;0.024425000;10000;9595939144;B
20240214;100736;0.024425000;3000000;9595939488;B
20240214;100736;0.024430000;3070000;9595939489;B
20240214;100736;0.024430000;3930000;9595939490;B
20240214;100737;0.024425000;1000000;9595939721;S
20240214;100737;0.024420000;1900000;9595939722;S
20240214;100738;0.024430000;1730000;9595939881;B
20240214;100738;0.024430000;8270000;9595939882;B
20240214;100739;0.024425000;10000;9595939943;S
20240214;100739;0.024425000;10000;9595939986;S
20240214;100740;0.024430000;10000;9595940067;B
20240214;100740;0.024425000;980000;9595940074;S
20240214;100740;0.024425000;2500000;9595940075;S
20240214;100740;0.024420000;2020000;9595940076;S
20240214;100741;0.024430000;20000;9595940289;B
20240214;100743;0.024430000;60000;9595940732;B
20240214;100743;0.024425000;100000;9595940764;S
20240214;100743;0.024430000;2500000;9595940773;B
20240214;100745;0.024425000;180000;9595941183;S
20240214;100745;0.024430000;1430000;9595941245;B
20240214;100745;0.024430000;10000000;9595941246;B
20240214;100745;0.024430000;2390000;9595941247;B
20240214;100745;0.024430000;3000000;9595941248;B
20240214;100745;0.024430000;5660000;9595941249;B
20240214;100745;0.024430000;1000000;9595941250;B
20240214;100745;0.024435000;2260000;9595941251;B
20240214;100745;0.024435000;3260000;9595941252;B
20240214;100746;0.024425000;500000;9595941388;B
20240214;100746;0.024425000;50000;9595941501;B
20240214;100748;0.024420000;100000;9595941707;S
20240214;100748;0.024420000;900000;9595941708;S
20240214;100748;0.024415000;200000;9595941777;B
20240214;100748;0.024415000;1820000;9595941781;B
20240214;100748;0.024420000;18700000;9595941782;B
20240214;100748;0.024420000;3000000;9595941783;B
20240214;100748;0.024420000;1000000;9595941784;B
20240214;100748;0.024420000;480000;9595941785;B
20240214;100749;0.024420000;100000;9595941895;B
20240214;100749;0.024420000;910000;9595941956;B
20240214;100749;0.024425000;1590000;9595941957;B
20240214;100749;0.024410000;60000;9595942039;S
20240214;100750;0.024410000;10000;9595942075;S
20240214;100750;0.024420000;100000;9595942169;B
20240214;100750;0.024420000;20000;9595942211;B
20240214;100751;0.024420000;200000;9595942238;B
20240214;100751;0.024420000;10000;9595942274;B
20240214;100751;0.024410000;200000;9595942326;S
20240214;100752;0.024425000;100000;9595942452;B
20240214;100752;0.024425000;10000;9595942485;B
20240214;100753;0.024415000;40000;9595942717;S
20240214;100755;0.024420000;20000;9595942992;B
20240214;100756;0.024420000;90000;9595943208;B
20240214;100756;0.024420000;800000;9595943233;B
20240214;100757;0.024420000;20000;9595943466;B
20240214;100757;0.024420000;4260000;9595943471;B
20240214;100757;0.024425000;10000;9595943508;B
20240214;100757;0.024420000;1240000;9595943571;S
20240214;100757;0.024420000;250000;9595943572;S
20240214;100757;0.024420000;3680000;9595943573;S
20240214;100758;0.024425000;200000;9595943786;B
20240214;100759;0.024420000;10000;9595943916;S
20240214;100759;0.024425000;40000;9595944015;B
20240214;100800;0.024425000;200000;9595944052;B
20240214;100800;0.024425000;1000000;9595944082;B
20240214;100802;0.024420000;20000;9595944440;S
20240214;100803;0.024420000;390000;9595944530;S
20240214;100803;0.024425000;1000000;9595944532;B
20240214;100803;0.024425000;100000;9595944606;B
20240214;100803;0.024430000;1000000;9595944659;B
20240214;100803;0.024430000;40000;9595944660;B
20240214;100803;0.024430000;3000000;9595944661;B
20240214;100803;0.024435000;2400000;9595944662;B
20240214;100803;0.024435000;1000000;9595944663;B
20240214;100803;0.024435000;50000;9595944664;B
20240214;100803;0.024435000;60000;9595944665;B
20240214;100807;0.024430000;3000000;9595945505;B
20240214;100808;0.024430000;1000000;9595945793;B
20240214;100809;0.024435000;2500000;9595945974;B
20240214;100809;0.024435000;500000;9595946011;B
20240214;100809;0.024435000;1000000;9595946012;B
20240214;100809;0.024435000;3500000;9595946013;B
20240214;100809;0.024430000;10000;9595946023;S
20240214;100810;0.024435000;1000000;9595946182;B
20240214;100810;0.024435000;1000000;9595946235;B
20240214;100811;0.024435000;1000000;9595946389;B
20240214;100811;0.024435000;10000;9595946392;B
20240214;100811;0.024435000;200000;9595946417;B
20240214;100812;0.024430000;180000;9595946484;S
20240214;100812;0.024435000;1000000;9595946507;B
20240214;100812;0.024435000;1000000;9595946545;B
20240214;100813;0.024430000;100000;9595946652;S
20240214;100813;0.024435000;60000;9595946712;B
20240214;100814;0.024435000;80000;9595946844;B
20240214;100814;0.024435000;10000;9595946905;B
20240214;100814;0.024430000;20000;9595946940;S
20240214;100814;0.024430000;1290000;9595946942;S
20240214;100814;0.024430000;48400000;9595946943;S
20240214;100814;0.024425000;510000;9595946944;S
20240214;100814;0.024425000;12300000;9595946945;S
20240214;100814;0.024425000;5350000;9595946946;S
20240214;100814;0.024420000;230000;9595947001;S
20240214;100815;0.024420000;5770000;9595947077;S
20240214;100815;0.024420000;160000;9595947078;S
20240214;100815;0.024420000;20000;9595947209;S
20240214;100816;0.024425000;4390000;9595947305;B
20240214;100816;0.024425000;1000000;9595947306;B
20240214;100816;0.024425000;2190000;9595947307;B
20240214;100816;0.024425000;2420000;9595947308;B
20240214;100816;0.024425000;450000;9595947345;B
20240214;100816;0.024425000;40000;9595947370;B
20240214;100817;0.024425000;1000000;9595947476;B
20240214;100818;0.024420000;10000;9595947615;S
20240214;100818;0.024425000;400000;9595947650;B
20240214;100818;0.024425000;20000;9595947686;B
20240214;100819;0.024425000;150000;9595947746;B
20240214;100819;0.024420000;10000;9595947852;S
20240214;100820;0.024425000;4080000;9595947926;B
20240214;100820;0.024425000;1000000;9595947928;B
20240214;100820;0.024425000;440000;9595947960;B
20240214;100820;0.024425000;1560000;9595947961;B
20240214;100820;0.024425000;20000;9595947986;B
20240214;100820;0.024425000;1420000;9595948030;B
20240214;100820;0.024425000;1090000;9595948031;B
20240214;100820;0.024425000;1560000;9595948032;B
20240214;100822;0.024425000;500000;9595948265;B
20240214;100823;0.024425000;40000;9595948418;B
20240214;100823;0.024425000;10000000;9595948523;B
20240214;100823;0.024420000;20000;9595948524;S
20240214;100823;0.024420000;10000;9595948530;S
20240214;100824;0.024420000;10000;9595948746;S
20240214;100825;0.024420000;500000;9595948833;S
20240214;100825;0.024425000;2130000;9595948908;B
20240214;100825;0.024425000;3000000;9595948909;B
20240214;100825;0.024425000;4560000;9595948910;B
20240214;100826;0.024425000;10000;9595948961;S
20240214;100826;0.024430000;3000000;9595949069;B
20240214;100826;0.024430000;10000000;9595949070;B
20240214;100826;0.024430000;3550000;9595949071;B
20240214;100826;0.024430000;1000000;9595949072;B
20240214;100826;0.024435000;1000000;9595949073;B
20240214;100826;0.024435000;30000;9595949074;B
20240214;100826;0.024435000;8000000;9595949075;B
20240214;100826;0.024435000;4600000;9595949076;B
20240214;100826;0.024435000;4000000;9595949077;B
20240214;100826;0.024440000;10000;9595949078;B
20240214;100826;0.024440000;10000;9595949079;B
20240214;100826;0.024440000;10000;9595949080;B
20240214;100826;0.024440000;10000;9595949081;B
20240214;100826;0.024440000;10000;9595949082;B
20240214;100826;0.024440000;10000;9595949083;B
20240214;100826;0.024440000;50000;9595949084;B
20240214;100826;0.024440000;1000000;9595949085;B
20240214;100826;0.024440000;10000000;9595949086;B
20240214;100826;0.024440000;25000000;9595949087;B
20240214;100826;0.024440000;10000;9595949088;B
20240214;100826;0.024440000;5660000;9595949089;B
20240214;100826;0.024440000;12270000;9595949090;B
20240214;100826;0.024445000;5660000;9595949091;B
20240214;100826;0.024445000;50000;9595949092;B
20240214;100826;0.024445000;1000000;9595949093;B
20240214;100826;0.024445000;10000000;9595949094;B
20240214;100826;0.024445000;6000000;9595949095;B
20240214;100826;0.024445000;4100000;9595949096;B
20240214;100826;0.024445000;5760000;9595949097;B
20240214;100826;0.024450000;6000000;9595949098;B
20240214;100826;0.024450000;5660000;9595949099;B
20240214;100826;0.024450000;80000000;9595949100;B
20240214;100826;0.024450000;10000;9595949101;B
20240214;100826;0.024450000;50000;9595949102;B
20240214;100826;0.024450000;1000000;9595949103;B
20240214;100826;0.024450000;400000;9595949104;B
20240214;100826;0.024450000;10000;9595949105;B
20240214;100826;0.024450000;30000000;9595949106;B
20240214;100826;0.024455000;6000000;9595949107;B
20240214;100826;0.024455000;5660000;9595949108;B
20240214;100826;0.024455000;1000000;9595949109;B
20240214;100826;0.024455000;10000;9595949110;B
20240214;100826;0.024455000;200000;9595949111;B
20240214;100826;0.024455000;10000;9595949112;B
20240214;100826;0.024455000;1000000;9595949113;B
20240214;100826;0.024455000;80000;9595949114;B
20240214;100826;0.024460000;53960000;9595949115;B
20240214;100826;0.024460000;500000;9595949116;B
20240214;100826;0.024460000;6000000;9595949117;B
20240214;100826;0.024460000;5660000;9595949118;B
20240214;100826;0.024460000;10000;9595949119;B
20240214;100826;0.024460000;1000000;9595949120;B
20240214;100826;0.024460000;80000000;9595949121;B
20240214;100826;0.024460000;40000000;9595949122;B
20240214;100826;0.024460000;10000;9595949123;B
20240214;100826;0.024460000;3000000;9595949124;B
20240214;100826;0.024465000;7650000;9595949125;B
20240214;100826;0.024465000;5660000;9595949126;B
20240214;100826;0.024465000;6000000;9595949127;B
20240214;100826;0.024465000;38610000;9595949128;B
20240214;100826;0.024440000;6000000;9595949131;S
20240214;100826;0.024440000;3000000;9595949132;S
20240214;100826;0.024440000;1000000;9595949133;S
20240214;100826;0.024440000;10000;9595949134;S
20240214;100826;0.024445000;6000000;9595949181;S
20240214;100826;0.024445000;1000000;9595949182;S
20240214;100826;0.024445000;6660000;9595949183;S
20240214;100826;0.024445000;1360000;9595949184;S
20240214;100827;0.024450000;3000000;9595949286;B
20240214;100827;0.024450000;5540000;9595949287;B
20240214;100827;0.024450000;1000000;9595949288;B
20240214;100828;0.024450000;1000000;9595949464;S
20240214;100828;0.024450000;50000;9595949490;S
20240214;100828;0.024455000;80000;9595949507;B
20240214;100830;0.024450000;1340000;9595949856;S
20240214;100830;0.024450000;68070000;9595949887;S
20240214;100830;0.024450000;1000000;9595949888;S
20240214;100830;0.024450000;2500000;9595950079;B
20240214;100830;0.024450000;4000000;9595950111;B
20240214;100831;0.024445000;10000;9595950192;S
20240214;100831;0.024450000;50000;9595950288;B
20240214;100832;0.024450000;10000;9595950371;B
20240214;100832;0.024450000;30000;9595950437;B
20240214;100833;0.024445000;30000;9595950536;S
20240214;100833;0.024450000;300000;9595950541;B
20240214;100833;0.024450000;4040000;9595950580;B
20240214;100833;0.024450000;500000;9595950581;B
20240214;100833;0.024450000;4650000;9595950582;B
20240214;100833;0.024455000;10810000;9595950583;B
20240214;100833;0.024445000;70000;9595950590;S
20240214;100836;0.024455000;80000;9595951245;B
20240214;100837;0.024455000;20000;9595951414;B
20240214;100837;0.024445000;30000;9595951434;S
20240214;100837;0.024455000;1290000;9595951524;B
20240214;100837;0.024455000;10000;9595951525;B
20240214;100837;0.024455000;3000000;9595951526;B
20240214;100837;0.024455000;500000;9595951527;B
20240214;100837;0.024455000;4640000;9595951528;B
20240214;100837;0.024455000;10000000;9595951529;B
20240214;100837;0.024455000;560000;9595951530;B
20240214;100838;0.024455000;440000;9595951715;B
20240214;100838;0.024460000;1000000;9595951716;B
20240214;100838;0.024460000;60000;9595951717;B
20240214;100839;0.024455000;1000000;9595951884;B
20240214;100840;0.024445000;70000;9595951998;S
20240214;100840;0.024455000;70000;9595952080;B
20240214;100841;0.024445000;5790000;9595952147;S
20240214;100841;0.024445000;1000000;9595952148;S
20240214;100841;0.024445000;70000;9595952149;B
20240214;100842;0.024450000;100000;9595952245;B
20240214;100842;0.024450000;30000;9595952303;B
20240214;100842;0.024450000;10000;9595952309;B
20240214;100846;0.024440000;70000;9595953054;S
20240214;100846;0.024450000;20000;9595953091;B
20240214;100847;0.024450000;400000;9595953236;B
20240214;100847;0.024450000;580000;9595953241;B
20240214;100847;0.024450000;1420000;9595953242;B
20240214;100847;0.024450000;10000;9595953272;B
20240214;100847;0.024450000;200000;9595953348;B
20240214;100848;0.024440000;1390000;9595953456;S
20240214;100848;0.024440000;50000;9595953458;S
20240214;100849;0.024450000;400000;9595953610;B
20240214;100850;0.024450000;960000;9595953903;B
20240214;100851;0.024450000;2010000;9595954017;B
20240214;100851;0.024450000;2990000;9595954018;B
20240214;100851;0.024450000;4350000;9595954056;B
20240214;100853;0.024450000;2070000;9595954423;B
20240214;100853;0.024450000;1790000;9595954424;B
20240214;100853;0.024440000;10000;9595954514;S
20240214;100853;0.024455000;10000;9595954521;B
20240214;100853;0.024455000;90000;9595954562;B
20240214;100853;0.024455000;30000;9595954563;B
20240214;100854;0.024455000;50000;9595954609;B
20240214;100854;0.024455000;100000;9595954690;B
20240214;100854;0.024445000;10000;9595954735;S
20240214;100854;0.024455000;200000;9595954789;B
20240214;100856;0.024440000;4050000;9595955140;S
20240214;100856;0.024445000;4090000;9595955168;B
20240214;100856;0.024445000;4000000;9595955169;B
20240214;100856;0.024445000;4410000;9595955170;B
20240214;100856;0.024445000;3000000;9595955171;B
20240214;100856;0.024450000;3000000;9595955172;B
20240214;100856;0.024450000;3880000;9595955173;B
20240214;100856;0.024450000;1200000;9595955228;S
20240214;100856;0.024455000;170000;9595955277;B
20240214;100857;0.024450000;50000;9595955516;S
20240214;100858;0.024455000;4830000;9595955741;B
20240214;100858;0.024455000;12270000;9595955742;B
20240214;100858;0.024455000;3000000;9595955743;B
20240214;100858;0.024455000;5780000;9595955744;B
20240214;100900;0.024450000;50000;9595956218;S
20240214;100900;0.024455000;1070000;9595956219;B
20240214;100901;0.024455000;2930000;9595956342;B
20240214;100901;0.024455000;10000;9595956343;B
20240214;100901;0.024455000;220000;9595956344;B
20240214;100901;0.024460000;440000;9595956345;B
20240214;100901;0.024460000;10000;9595956346;B
20240214;100901;0.024460000;1390000;9595956347;B
20240214;100901;0.024450000;2790000;9595956429;S
20240214;100901;0.024450000;270000;9595956461;S
20240214;100901;0.024450000;10000;9595956512;S
20240214;100903;0.024455000;20000;9595956728;B
20240214;100903;0.024455000;2980000;9595956782;B
20240214;100903;0.024455000;4000000;9595956783;B
20240214;100903;0.024455000;4350000;9595956784;B
20240214;100903;0.024460000;8610000;9595956785;B
20240214;100903;0.024460000;1720000;9595956786;B
20240214;100903;0.024460000;150000;9595956787;B
20240214;100903;0.024465000;1000000;9595956788;B
20240214;100903;0.024465000;450000;9595956789;B
20240214;100903;0.024465000;500000;9595956790;B
20240214;100903;0.024465000;6000000;9595956791;B
20240214;100903;0.024465000;71590000;9595956792;B
