<DATE>;<TIME>;<LAST>;<VOL>;<ID>;<OPER>
20240206;095947;0.024465000;10000;9541096909;S
20240206;095947;0.024465000;430000;9541096910;S
20240206;095947;0.024465000;130000;9541096911;S
20240206;095947;0.024465000;200000;9541096912;S
20240206;095947;0.024465000;230000;9541096913;S
20240206;095947;0.024465000;200000;9541096914;S
20240206;095947;0.024465000;10000;9541096915;S
20240206;095947;0.024465000;20000;9541096916;S
20240206;095947;0.024465000;10000;9541096917;S
20240206;095947;0.024465000;30000;9541096918;S
20240206;095947;0.024465000;40000;9541096919;S
20240206;095947;0.024465000;130000;9541096920;S
20240206;095947;0.024465000;10000;9541096921;S
20240206;095947;0.024465000;50000;9541096922;S
20240206;095947;0.024465000;110000;9541096923;B
20240206;095947;0.024465000;10000;9541096924;S
20240206;095947;0.024465000;10000;9541096925;B
20240206;095947;0.024465000;3000000;9541096926;S
20240206;095947;0.024465000;10000;9541096927;B
20240206;095947;0.024465000;10000;9541096928;B
20240206;095947;0.024465000;120000;9541096929;B
20240206;095947;0.024465000;10000;9541096930;B
20240206;095947;0.024465000;10000;9541096931;B
20240206;095947;0.024465000;10000;9541096932;B
20240206;095947;0.024465000;20000;9541096933;B
20240206;095947;0.024465000;40000;9541096934;B
20240206;095947;0.024465000;10000;9541096935;B
20240206;095947;0.024465000;10000;9541096936;B
20240206;095947;0.024465000;10000;9541096937;B
20240206;095947;0.024465000;10000;9541096938;B
20240206;095947;0.024465000;40000;9541096939;B
20240206;095947;0.024465000;10000;9541096940;S
20240206;095947;0.024465000;20000;9541096941;S
20240206;095947;0.024465000;10000;9541096942;S
20240206;095947;0.024465000;490000;9541096943;B
20240206;095947;0.024465000;20000;9541096944;B
20240206;095947;0.024465000;20000;9541096945;B
20240206;095947;0.024465000;40000;9541096946;B
20240206;095947;0.024465000;10000;9541096947;B
20240206;095947;0.024465000;30000;9541096948;B
20240206;095947;0.024465000;10000;9541096949;B
20240206;095947;0.024465000;10000;9541096950;B
20240206;095947;0.024465000;20000;9541096951;B
20240206;095947;0.024465000;10000;9541096952;B
20240206;095947;0.024465000;30000;9541096953;B
20240206;095947;0.024465000;30000;9541096954;S
20240206;095947;0.024465000;10000;9541096955;B
20240206;095947;0.024465000;30000;9541096956;B
20240206;095947;0.024465000;50000;9541096957;B
20240206;095947;0.024465000;10000;9541096958;B
20240206;095947;0.024465000;200000;9541096959;B
20240206;095947;0.024465000;240000;9541096960;B
20240206;095947;0.024465000;30000;9541096961;S
20240206;095947;0.024465000;100000;9541096962;B
20240206;095947;0.024465000;300000;9541096963;S
20240206;095947;0.024465000;5000000;9541096964;S
20240206;095947;0.024465000;100000;9541096965;S
20240206;095947;0.024465000;340000;9541096966;S
20240206;095947;0.024465000;200000;9541096967;S
20240206;100000;0.024465000;100000;9541099186;S
20240206;100000;0.024465000;1300000;9541099222;S
20240206;100000;0.024465000;2000000;9541099240;S
20240206;100000;0.024465000;5000000;9541099252;S
20240206;100000;0.024465000;5000000;9541099277;S
20240206;100000;0.024465000;5000000;9541099299;S
20240206;100000;0.024465000;400000;9541099356;S
20240206;100000;0.024465000;20000000;9541099482;S
20240206;100000;0.024470000;200000;9541099594;B
20240206;100000;0.024470000;380000;9541099595;B
20240206;100000;0.024465000;4050000;9541099882;S
20240206;100000;0.024465000;4050000;9541099981;S
20240206;100001;0.024465000;90000;9541100091;S
20240206;100001;0.024465000;80000;9541100339;S
20240206;100001;0.024465000;770000;9541100360;S
20240206;100001;0.024465000;850000;9541100503;S
20240206;100001;0.024470000;1500000;9541100560;B
20240206;100001;0.024465000;320000;9541100647;S
20240206;100001;0.024465000;110000;9541100669;S
20240206;100001;0.024465000;200000;9541100686;S
20240206;100002;0.024470000;350000;9541101008;B
20240206;100002;0.024470000;100000;9541101023;B
20240206;100002;0.024465000;300000;9541101704;S
20240206;100003;0.024470000;350000;9541102048;B
20240206;100004;0.024470000;350000;9541102633;B
20240206;100004;0.024470000;40000;9541102710;B
20240206;100004;0.024465000;20000;9541102711;S
20240206;100004;0.024470000;10000;9541102712;B
20240206;100004;0.024465000;2390000;9541102741;S
20240206;100005;0.024465000;20000;9541103033;S
20240206;100005;0.024470000;40000;9541103034;B
20240206;100005;0.024470000;10000;9541103036;B
20240206;100005;0.024465000;10000;9541103038;S
20240206;100005;0.024470000;100000;9541103198;B
20240206;100005;0.024470000;10000;9541103199;B
20240206;100005;0.024465000;10000;9541103200;S
20240206;100005;0.024470000;50000;9541103256;B
20240206;100005;0.024470000;10000;9541103257;B
20240206;100005;0.024465000;10000;9541103260;S
20240206;100005;0.024470000;10000;9541103261;B
20240206;100005;0.024465000;10000;9541103262;S
20240206;100005;0.024470000;400000;9541103267;B
20240206;100005;0.024465000;130000;9541103320;S
20240206;100005;0.024465000;100000;9541103465;S
20240206;100005;0.024470000;10000;9541103467;B
20240206;100005;0.024470000;100000;9541103470;B
20240206;100005;0.024465000;150000;9541103643;S
20240206;100005;0.024465000;60000;9541103644;S
20240206;100005;0.024470000;10000;9541103721;B
20240206;100005;0.024465000;10000;9541103725;S
20240206;100005;0.024465000;20000;9541103728;S
20240206;100005;0.024470000;10000;9541103729;B
20240206;100005;0.024465000;50000;9541103731;S
20240206;100005;0.024470000;20000;9541103732;B
20240206;100005;0.024470000;20000;9541103779;B
20240206;100005;0.024470000;20000;9541103782;B
20240206;100005;0.024470000;10000;9541103784;B
20240206;100005;0.024470000;20000;9541104345;B
20240206;100005;0.024470000;10000;9541104347;B
20240206;100005;0.024465000;10000;9541104505;S
20240206;100005;0.024465000;20000;9541104507;S
20240206;100005;0.024465000;10000;9541104508;S
20240206;100005;0.024470000;50000;9541104511;B
20240206;100005;0.024470000;10000;9541104512;B
20240206;100005;0.024470000;30000;9541104513;B
20240206;100005;0.024470000;10000;9541104517;B
20240206;100006;0.024470000;10000;9541104638;B
20240206;100006;0.024465000;140000;9541104639;S
20240206;100006;0.024465000;10000;9541104642;S
20240206;100006;0.024470000;10000;9541104790;B
20240206;100006;0.024470000;10000;9541104791;B
20240206;100006;0.024465000;10000;9541104795;S
20240206;100006;0.024470000;930000;9541104875;B
20240206;100006;0.024470000;200000;9541104876;B
20240206;100006;0.024470000;200000;9541104877;B
20240206;100006;0.024470000;200000;9541104878;B
20240206;100006;0.024470000;200000;9541104879;B
20240206;100006;0.024470000;500000;9541104880;B
20240206;100006;0.024470000;650000;9541104881;B
20240206;100006;0.024470000;100000;9541104882;B
20240206;100006;0.024470000;1000000;9541104883;B
20240206;100006;0.024470000;60000;9541104884;B
20240206;100006;0.024465000;40000;9541104948;S
20240206;100006;0.024470000;10000;9541104952;B
20240206;100006;0.024465000;10000;9541104957;S
20240206;100006;0.024465000;110000;9541104965;S
20240206;100006;0.024470000;10000;9541104969;B
20240206;100006;0.024470000;10000;9541104970;B
20240206;100006;0.024465000;20000;9541105009;S
20240206;100006;0.024470000;20000;9541105016;B
20240206;100006;0.024470000;30000;9541105018;B
20240206;100006;0.024470000;30000;9541105019;B
20240206;100006;0.024470000;50000;9541105020;B
20240206;100006;0.024465000;670000;9541105021;S
20240206;100006;0.024465000;800000;9541105022;S
20240206;100006;0.024470000;130000;9541105242;B
20240206;100006;0.024470000;650000;9541105363;B
20240206;100006;0.024470000;850000;9541105364;B
20240206;100006;0.024465000;20000000;9541105413;S
20240206;100006;0.024465000;20000;9541105616;S
20240206;100007;0.024470000;20000;9541106005;B
20240206;100007;0.024470000;20000;9541106030;B
20240206;100007;0.024470000;50000;9541106031;B
20240206;100007;0.024470000;10000;9541106032;B
20240206;100007;0.024470000;20000;9541106228;B
20240206;100007;0.024470000;10000;9541106229;B
20240206;100007;0.024470000;10000;9541106457;B
20240206;100007;0.024470000;10000;9541106458;B
20240206;100008;0.024465000;400000;9541106640;S
20240206;100008;0.024470000;30000;9541106756;B
20240206;100008;0.024465000;40000;9541106757;S
20240206;100008;0.024465000;40000;9541106758;S
20240206;100008;0.024470000;10000;9541106759;B
20240206;100008;0.024470000;10000;9541106760;B
20240206;100008;0.024470000;10000;9541106761;B
20240206;100008;0.024470000;10000;9541106762;B
20240206;100008;0.024465000;160000;9541106763;S
20240206;100008;0.024465000;60000;9541106764;S
20240206;100008;0.024465000;800000;9541106828;S
20240206;100009;0.024465000;670000;9541106917;S
20240206;100010;0.024470000;530000;9541107039;B
20240206;100010;0.024470000;10000;9541107040;B
20240206;100010;0.024470000;10000;9541107041;B
20240206;100010;0.024470000;10000;9541107042;B
20240206;100010;0.024470000;10000;9541107043;B
20240206;100010;0.024470000;10000;9541107044;B
20240206;100010;0.024470000;20000;9541107045;B
20240206;100010;0.024470000;10000;9541107046;B
20240206;100010;0.024470000;4160000;9541107047;B
20240206;100010;0.024465000;100000;9541107161;S
20240206;100010;0.024470000;20000;9541107177;B
20240206;100010;0.024470000;2940000;9541107243;B
20240206;100010;0.024470000;20000;9541107247;B
20240206;100010;0.024470000;10000;9541107292;B
20240206;100010;0.024470000;450000;9541107302;B
20240206;100010;0.024470000;50000;9541107369;B
20240206;100013;0.024465000;30000;9541108150;S
20240206;100013;0.024465000;200000;9541108239;S
20240206;100013;0.024465000;300000;9541108240;S
20240206;100015;0.024465000;200000;9541108559;S
20240206;100015;0.024465000;300000;9541108719;S
20240206;100017;0.024465000;200000;9541109365;S
20240206;100018;0.024465000;100000;9541109840;S
20240206;100020;0.024470000;1000000;9541110249;B
20240206;100022;0.024465000;800000;9541110553;S
20240206;100022;0.024465000;28550000;9541110715;S
20240206;100022;0.024465000;20000;9541110716;S
20240206;100022;0.024465000;150000;9541110717;S
20240206;100022;0.024465000;50000;9541110718;S
20240206;100022;0.024465000;1000000;9541110719;S
20240206;100024;0.024465000;10000;9541110971;B
20240206;100024;0.024465000;10000;9541111016;B
20240206;100027;0.024465000;10000;9541111697;B
20240206;100028;0.024460000;80000;9541112033;S
20240206;100028;0.024460000;60000;9541112034;S
20240206;100029;0.024465000;10000;9541112213;B
20240206;100029;0.024460000;40000;9541112242;S
20240206;100029;0.024460000;30000;9541112243;S
20240206;100031;0.024465000;190000;9541112799;B
20240206;100031;0.024465000;10000;9541112800;B
20240206;100031;0.024470000;200000;9541112801;B
20240206;100032;0.024470000;10000;9541113035;B
20240206;100032;0.024460000;780000;9541113118;S
20240206;100032;0.024460000;11220000;9541113119;S
20240206;100032;0.024470000;10000;9541113129;B
20240206;100034;0.024465000;10000;9541113585;S
20240206;100035;0.024470000;1130000;9541113603;B
20240206;100035;0.024470000;10000;9541113604;B
20240206;100035;0.024470000;100000;9541113605;B
20240206;100035;0.024470000;10000;9541113606;B
20240206;100035;0.024470000;30000;9541113607;B
20240206;100035;0.024475000;220000;9541113608;B
20240206;100037;0.024470000;50000;9541114930;S
20240206;100039;0.024470000;10000;9541115352;S
20240206;100040;0.024475000;780000;9541115629;B
20240206;100040;0.024475000;200000;9541115630;B
20240206;100040;0.024475000;200000;9541115631;B
20240206;100040;0.024475000;10000;9541115632;B
20240206;100040;0.024475000;7500000;9541115633;B
20240206;100040;0.024475000;10000;9541115634;B
20240206;100040;0.024475000;360000;9541115635;B
20240206;100041;0.024475000;10000;9541115731;B
20240206;100041;0.024470000;80000;9541115835;S
20240206;100042;0.024475000;5000000;9541116046;B
20240206;100043;0.024470000;100000;9541116170;S
20240206;100046;0.024470000;80000;9541117000;S
20240206;100046;0.024475000;100000;9541117011;B
20240206;100046;0.024475000;10000;9541117012;B
20240206;100046;0.024475000;10000;9541117013;B
20240206;100046;0.024475000;1380000;9541117014;B
20240206;100047;0.024475000;2500000;9541117325;B
20240206;100049;0.024475000;40000;9541117817;B
20240206;100049;0.024475000;350000;9541117945;B
20240206;100051;0.024475000;10000;9541118403;B
20240206;100053;0.024475000;30000;9541118755;B
20240206;100054;0.024475000;3190000;9541119010;B
20240206;100054;0.024475000;10000;9541119011;B
20240206;100054;0.024475000;5890000;9541119012;B
20240206;100054;0.024475000;100000;9541119093;B
20240206;100054;0.024475000;50000;9541119094;B
20240206;100057;0.024475000;6210000;9541119564;B
20240206;100057;0.024475000;3880000;9541119565;B
20240206;100058;0.024465000;40000;9541119824;S
20240206;100058;0.024465000;260000;9541119825;S
20240206;100059;0.024475000;20000;9541119926;B
20240206;100059;0.024465000;20000;9541120027;S
20240206;100100;0.024475000;10000;9541120073;B
20240206;100100;0.024465000;500000;9541120095;S
20240206;100100;0.024465000;220000;9541120109;S
20240206;100100;0.024465000;80000;9541120110;S
20240206;100100;0.024465000;850000;9541120175;S
20240206;100100;0.024465000;300000;9541120319;S
20240206;100100;0.024465000;90000;9541120347;S
20240206;100100;0.024465000;760000;9541120379;S
20240206;100100;0.024465000;850000;9541120416;S
20240206;100101;0.024465000;400000;9541120585;S
20240206;100102;0.024465000;10000;9541120735;S
20240206;100102;0.024475000;1900000;9541120736;B
20240206;100102;0.024465000;250000;9541120747;S
20240206;100102;0.024475000;1690000;9541120923;B
20240206;100102;0.024475000;810000;9541120924;B
20240206;100103;0.024465000;300000;9541121097;S
20240206;100103;0.024475000;10000;9541121104;B
20240206;100104;0.024465000;40000;9541121212;S
20240206;100104;0.024475000;180000;9541121278;B
20240206;100104;0.024475000;10000000;9541121279;B
20240206;100104;0.024475000;7500000;9541121280;B
20240206;100104;0.024475000;3470000;9541121281;B
20240206;100104;0.024480000;1000000;9541121282;B
20240206;100104;0.024480000;30000;9541121283;B
20240206;100104;0.024480000;200000;9541121284;B
20240206;100104;0.024480000;200000;9541121285;B
20240206;100104;0.024480000;10000;9541121286;B
20240206;100104;0.024480000;5630000;9541121287;B
20240206;100104;0.024480000;10000000;9541121288;B
20240206;100104;0.024480000;1000000;9541121289;B
20240206;100104;0.024480000;10000;9541121290;B
20240206;100104;0.024480000;1620000;9541121291;B
20240206;100105;0.024475000;2700000;9541121395;B
20240206;100105;0.024480000;1000000;9541121396;B
20240206;100105;0.024480000;7500000;9541121397;B
20240206;100105;0.024485000;1000000;9541121398;B
20240206;100105;0.024485000;500000;9541121399;B
20240206;100105;0.024485000;200000;9541121400;B
20240206;100105;0.024485000;200000;9541121401;B
20240206;100105;0.024485000;200000;9541121402;B
20240206;100105;0.024485000;200000;9541121403;B
20240206;100105;0.024485000;200000;9541121404;B
20240206;100105;0.024485000;200000;9541121405;B
20240206;100105;0.024485000;200000;9541121406;B
20240206;100105;0.024485000;540000;9541121407;B
20240206;100105;0.024485000;200000;9541121408;B
20240206;100105;0.024485000;3000000;9541121409;B
20240206;100105;0.024485000;560000;9541121410;B
20240206;100105;0.024485000;10000;9541121411;B
20240206;100105;0.024485000;5630000;9541121412;B
20240206;100105;0.024485000;1000000;9541121413;B
20240206;100105;0.024485000;10000000;9541121414;B
20240206;100105;0.024485000;12250000;9541121415;B
20240206;100105;0.024485000;2710000;9541121416;B
20240206;100106;0.024480000;1000000;9541121457;B
20240206;100106;0.024480000;500000;9541121458;B
20240206;100106;0.024480000;100000;9541121459;B
20240206;100106;0.024485000;400000;9541121460;B
20240206;100106;0.024480000;10000;9541121469;B
20240206;100109;0.024480000;40000;9541121924;B
20240206;100110;0.024470000;100000;9541122104;S
20240206;100111;0.024480000;10000;9541122355;B
20240206;100111;0.024480000;940000;9541122402;B
20240206;100111;0.024480000;1060000;9541122403;B
20240206;100112;0.024470000;5900000;9541122546;S
20240206;100114;0.024485000;6890000;9541122792;B
20240206;100114;0.024485000;1000000;9541122793;B
20240206;100114;0.024485000;5630000;9541122794;B
20240206;100114;0.024485000;7500000;9541122795;B
20240206;100114;0.024485000;13720000;9541122796;B
20240206;100114;0.024485000;100000;9541122797;B
20240206;100114;0.024485000;10000;9541122798;B
20240206;100114;0.024490000;45450000;9541122799;B
20240206;100114;0.024490000;2500000;9541122800;B
20240206;100114;0.024470000;20000;9541122845;S
20240206;100116;0.024480000;800000;9541123091;S
20240206;100116;0.024485000;50000;9541123202;B
20240206;100116;0.024490000;3730000;9541123272;B
20240206;100116;0.024490000;1500000;9541123358;B
20240206;100116;0.024480000;1200000;9541123400;S
20240206;100116;0.024480000;600000;9541123401;S
20240206;100118;0.024490000;1500000;9541123715;B
20240206;100118;0.024475000;140000;9541123738;S
20240206;100119;0.024480000;100000;9541124022;B
20240206;100119;0.024480000;1850000;9541124105;B
20240206;100119;0.024490000;150000;9541124106;B
20240206;100120;0.024480000;10000;9541124328;S
20240206;100120;0.024480000;490000;9541124329;S
20240206;100120;0.024480000;510000;9541124331;S
20240206;100120;0.024475000;60000;9541124332;S
20240206;100121;0.024490000;500000;9541124416;B
20240206;100121;0.024480000;10000;9541124445;S
20240206;100121;0.024490000;10000;9541124508;B
20240206;100123;0.024480000;990000;9541124677;S
20240206;100123;0.024475000;800000;9541124678;S
20240206;100123;0.024475000;3210000;9541124679;S
20240206;100123;0.024480000;10000;9541124752;S
20240206;100126;0.024485000;10000;9541125301;B
20240206;100126;0.024490000;90000;9541125302;B
20240206;100127;0.024485000;1000000;9541125492;B
20240206;100127;0.024480000;100000;9541125584;S
20240206;100128;0.024480000;890000;9541125740;S
20240206;100131;0.024485000;20000;9541126434;B
20240206;100132;0.024475000;10000;9541126646;S
20240206;100133;0.024475000;1000000;9541126953;S
20240206;100133;0.024480000;10000;9541127120;B
20240206;100135;0.024475000;500000;9541127536;S
20240206;100137;0.024480000;680000;9541127727;B
20240206;100139;0.024480000;10000;9541128148;B
20240206;100139;0.024480000;40000;9541128190;B
20240206;100140;0.024475000;1280000;9541128432;S
20240206;100140;0.024475000;200000;9541128433;S
20240206;100140;0.024475000;12250000;9541128434;S
20240206;100140;0.024475000;1000000;9541128435;S
20240206;100140;0.024475000;66270000;9541128436;S
20240206;100141;0.024475000;300000;9541128559;S
20240206;100143;0.024480000;500000;9541128742;B
20240206;100144;0.024475000;40000;9541128881;S
20240206;100149;0.024475000;30000;9541129547;S
20240206;100151;0.024480000;10000;9541129796;B
20240206;100153;0.024480000;10000;9541130150;B
20240206;100153;0.024475000;20000;9541130258;S
20240206;100155;0.024475000;20000;9541130533;S
20240206;100156;0.024480000;180000;9541130666;B
20240206;100156;0.024480000;820000;9541130667;B
20240206;100158;0.024475000;340000;9541131048;S
20240206;100159;0.024475000;640000;9541131184;S
20240206;100159;0.024475000;7000000;9541131185;S
20240206;100159;0.024475000;11110000;9541131186;S
20240206;100159;0.024475000;100000;9541131187;S
20240206;100200;0.024475000;10000;9541131316;B
20240206;100200;0.024475000;20000;9541131323;B
20240206;100200;0.024475000;10000;9541131361;B
20240206;100200;0.024475000;10000;9541131397;B
20240206;100202;0.024475000;100000;9541131547;B
20240206;100208;0.024475000;1500000;9541132475;B
20240206;100209;0.024475000;30000;9541132626;B
20240206;100210;0.024475000;10000;9541132741;B
20240206;100215;0.024475000;40000;9541133338;B
20240206;100217;0.024475000;9420000;9541133724;B
20240206;100217;0.024475000;4400000;9541133725;B
20240206;100217;0.024475000;6680000;9541133726;B
20240206;100218;0.024480000;150000;9541133763;B
20240206;100218;0.024480000;60000;9541133787;B
20240206;100218;0.024475000;10000;9541133876;B
20240206;100220;0.024470000;980000;9541134037;S
20240206;100220;0.024470000;500000;9541134038;S
20240206;100220;0.024470000;4000000;9541134039;S
20240206;100220;0.024470000;4000000;9541134040;S
20240206;100220;0.024470000;10000;9541134041;S
20240206;100220;0.024470000;510000;9541134042;S
20240206;100220;0.024475000;400000;9541134085;B
20240206;100220;0.024480000;110000;9541134086;B
20240206;100221;0.024475000;60000;9541134170;B
20240206;100221;0.024475000;340000;9541134184;B
20240206;100221;0.024480000;3860000;9541134185;B
20240206;100221;0.024480000;6500000;9541134186;B
20240206;100221;0.024480000;100000;9541134187;B
20240206;100221;0.024480000;1500000;9541134188;B
20240206;100221;0.024480000;700000;9541134189;B
20240206;100222;0.024485000;700000;9541134384;B
20240206;100222;0.024485000;1000000;9541134385;B
20240206;100222;0.024485000;4440000;9541134386;B
20240206;100222;0.024485000;10000;9541134387;B
20240206;100222;0.024485000;4090000;9541134388;B
20240206;100222;0.024490000;35490000;9541134389;B
20240206;100222;0.024490000;1000000;9541134390;B
20240206;100222;0.024490000;3000000;9541134391;B
20240206;100222;0.024490000;200000;9541134392;B
20240206;100222;0.024490000;300000;9541134393;B
20240206;100222;0.024490000;10000;9541134394;B
20240206;100222;0.024490000;1000000;9541134395;B
20240206;100222;0.024490000;500000;9541134396;B
20240206;100222;0.024490000;100000;9541134397;B
20240206;100222;0.024490000;10000;9541134398;B
20240206;100222;0.024490000;10000;9541134399;B
20240206;100222;0.024490000;10000;9541134400;B
20240206;100222;0.024490000;30000;9541134401;B
20240206;100222;0.024490000;10000;9541134402;B
20240206;100222;0.024490000;10000;9541134403;B
20240206;100222;0.024490000;1000000;9541134404;B
20240206;100222;0.024490000;6000000;9541134405;B
20240206;100222;0.024490000;1080000;9541134406;B
20240206;100224;0.024485000;70000;9541134814;B
20240206;100226;0.024480000;100000;9541135030;S
20240206;100226;0.024480000;3900000;9541135079;S
20240206;100226;0.024480000;150000;9541135080;S
20240206;100227;0.024480000;200000;9541135156;S
20240206;100227;0.024480000;300000;9541135221;S
20240206;100227;0.024485000;10000;9541135314;B
20240206;100228;0.024480000;50000;9541135522;S
20240206;100230;0.024480000;100000;9541135865;S
20240206;100231;0.024485000;220000;9541135897;B
20240206;100231;0.024480000;10000;9541136018;S
20240206;100232;0.024480000;330000;9541136132;S
20240206;100232;0.024480000;2100000;9541136247;S
20240206;100234;0.024480000;980000;9541136478;S
20240206;100234;0.024480000;4000000;9541136479;S
20240206;100234;0.024475000;3020000;9541136480;S
20240206;100235;0.024485000;10000;9541136728;B
20240206;100237;0.024485000;3870000;9541136968;B
20240206;100237;0.024485000;490000;9541136969;B
20240206;100237;0.024485000;1000000;9541136970;B
20240206;100237;0.024485000;12340000;9541136971;B
20240206;100237;0.024485000;2290000;9541136972;B
20240206;100237;0.024485000;10000;9541136973;B
20240206;100238;0.024485000;3000000;9541137025;B
20240206;100241;0.024480000;20000;9541137639;S
20240206;100241;0.024485000;1000000;9541137651;B
20240206;100243;0.024480000;800000;9541137947;S
20240206;100244;0.024480000;3180000;9541138123;S
20240206;100244;0.024480000;20000;9541138124;S
20240206;100245;0.024475000;200000;9541138209;S
20240206;100245;0.024475000;80000;9541138322;S
20240206;100245;0.024475000;1700000;9541138338;S
20240206;100245;0.024475000;190000;9541138339;S
20240206;100247;0.024480000;110000;9541138562;B
20240206;100249;0.024480000;100000;9541138878;B
20240206;100250;0.024470000;50000;9541139026;S
20240206;100250;0.024475000;80000;9541139038;B
20240206;100250;0.024475000;530000;9541139039;B
20240206;100252;0.024480000;10000;9541139248;B
20240206;100253;0.024470000;10000;9541139399;S
20240206;100253;0.024480000;10000;9541139435;B
20240206;100255;0.024470000;40000;9541139616;S
20240206;100255;0.024470000;870000;9541139617;S
20240206;100256;0.024480000;10000;9541139827;B
20240206;100257;0.024470000;10000;9541140045;S
20240206;100259;0.024475000;200000;9541140390;B
20240206;100302;0.024465000;100000;9541140931;S
20240206;100304;0.024465000;5970000;9541141136;S
20240206;100304;0.024465000;6000000;9541141137;S
20240206;100304;0.024465000;1000000;9541141138;S
20240206;100304;0.024465000;100000;9541141139;S
20240206;100304;0.024465000;60000;9541141140;S
20240206;100304;0.024465000;400000;9541141141;S
20240206;100304;0.024465000;4000000;9541141142;S
20240206;100304;0.024460000;2120000;9541141143;S
20240206;100306;0.024465000;950000;9541141776;S
20240206;100306;0.024470000;1500000;9541141852;B
20240206;100306;0.024470000;72000000;9541141853;B
20240206;100306;0.024475000;1000000;9541141854;B
20240206;100306;0.024475000;350000;9541141855;B
20240206;100306;0.024480000;6560000;9541141856;B
20240206;100306;0.024480000;1000000;9541141857;B
20240206;100306;0.024480000;12270000;9541141858;B
20240206;100306;0.024480000;4090000;9541141859;B
20240206;100306;0.024480000;9000000;9541141860;B
20240206;100306;0.024480000;3000000;9541141861;B
20240206;100306;0.024480000;12260000;9541141862;B
20240206;100306;0.024485000;36000000;9541141863;B
20240206;100306;0.024485000;1000000;9541141864;B
20240206;100306;0.024485000;510000;9541141865;B
20240206;100306;0.024485000;6000000;9541141866;B
20240206;100306;0.024485000;40000000;9541141867;B
20240206;100306;0.024490000;920000;9541141868;B
20240206;100306;0.024490000;28900000;9541141869;B
20240206;100306;0.024490000;2220000;9541141870;B
20240206;100306;0.024490000;200000;9541141871;B
20240206;100306;0.024490000;40000;9541141872;B
20240206;100306;0.024490000;1000000;9541141873;B
20240206;100306;0.024490000;300000;9541141874;B
20240206;100306;0.024490000;6000000;9541141875;B
20240206;100306;0.024490000;3880000;9541141876;B
20240206;100308;0.024465000;50000;9541142092;S
20240206;100308;0.024465000;2550000;9541142093;S
20240206;100309;0.024485000;100000;9541142247;B
20240206;100312;0.024485000;10000;9541142627;B
20240206;100313;0.024485000;50000;9541142717;B
20240206;100314;0.024475000;550000;9541142811;S
20240206;100316;0.024480000;10000;9541143089;B
20240206;100318;0.024480000;490000;9541143442;B
20240206;100320;0.024485000;20000;9541143696;S
20240206;100321;0.024490000;20000;9541143754;B
20240206;100321;0.024480000;150000;9541143829;S
20240206;100327;0.024490000;10000;9541144671;B
20240206;100327;0.024490000;20000;9541144724;B
20240206;100327;0.024490000;80000;9541144725;B
20240206;100327;0.024490000;900000;9541144751;B
20240206;100329;0.024490000;20000;9541145003;B
20240206;100329;0.024490000;480000;9541145004;B
20240206;100330;0.024480000;840000;9541145061;S
20240206;100330;0.024480000;10000;9541145144;S
20240206;100331;0.024480000;20000;9541145296;S
20240206;100332;0.024485000;10000;9541145546;B
20240206;100333;0.024485000;20000;9541145585;B
20240206;100333;0.024485000;20000;9541145618;B
20240206;100334;0.024485000;340000;9541146082;B
20240206;100335;0.024485000;100000;9541146191;B
20240206;100335;0.024490000;100000;9541146192;B
20240206;100335;0.024480000;10000;9541146212;S
20240206;100336;0.024485000;1700000;9541146281;B
20240206;100336;0.024490000;800000;9541146282;B
20240206;100336;0.024480000;10000;9541146345;S
20240206;100338;0.024490000;2710000;9541146503;B
20240206;100338;0.024490000;12270000;9541146504;B
20240206;100338;0.024490000;20000;9541146505;B
20240206;100338;0.024485000;80000;9541146678;S
20240206;100339;0.024490000;100000;9541147055;B
20240206;100339;0.024490000;1500000;9541147056;B
20240206;100340;0.024485000;1820000;9541147248;S
20240206;100340;0.024485000;2230000;9541147249;S
20240206;100341;0.024485000;40000;9541147418;B
20240206;100341;0.024485000;20000;9541147457;B
20240206;100343;0.024485000;900000;9541147913;B
20240206;100344;0.024485000;40000;9541148014;B
20240206;100344;0.024485000;12250000;9541148015;B
20240206;100344;0.024485000;820000;9541148016;B
20240206;100344;0.024490000;8500000;9541148017;B
20240206;100344;0.024490000;1000000;9541148018;B
20240206;100344;0.024490000;640000;9541148019;B
20240206;100344;0.024490000;12270000;9541148020;B
20240206;100344;0.024490000;4090000;9541148021;B
20240206;100344;0.024490000;36000000;9541148022;B
20240206;100344;0.024490000;1500000;9541148023;B
20240206;100344;0.024495000;22890000;9541148024;B
20240206;100344;0.024490000;20000;9541148051;B
20240206;100345;0.024490000;20000;9541148130;B
20240206;100345;0.024480000;470000;9541148154;S
20240206;100345;0.024480000;1540000;9541148155;S
20240206;100345;0.024490000;10000;9541148208;B
20240206;100346;0.024480000;20000;9541148293;S
20240206;100353;0.024485000;10000;9541149471;B
20240206;100353;0.024485000;10000;9541149475;B
20240206;100354;0.024480000;620000;9541149546;S
20240206;100354;0.024485000;40000;9541149574;B
20240206;100354;0.024485000;100000;9541149576;B
20240206;100356;0.024485000;1790000;9541149847;B
20240206;100356;0.024490000;950000;9541149848;B
20240206;100356;0.024490000;350000;9541149849;B
20240206;100356;0.024490000;500000;9541149895;B
20240206;100358;0.024480000;50000;9541150140;S
20240206;100358;0.024480000;450000;9541150141;S
20240206;100359;0.024490000;30000;9541150270;B
20240206;100401;0.024485000;10000;9541150633;B
20240206;100401;0.024480000;10000;9541150726;S
20240206;100403;0.024485000;40000;9541150963;B
20240206;100403;0.024480000;10000;9541150967;S
20240206;100403;0.024485000;60000;9541150997;B
20240206;100405;0.024485000;12140000;9541151138;B
20240206;100405;0.024485000;1000000;9541151139;B
20240206;100405;0.024490000;11390000;9541151140;B
20240206;100405;0.024490000;4090000;9541151141;B
20240206;100405;0.024490000;10000;9541151142;B
20240206;100405;0.024490000;1000000;9541151143;B
20240206;100405;0.024490000;1000000;9541151144;B
20240206;100405;0.024490000;12000000;9541151145;B
20240206;100405;0.024495000;22660000;9541151146;B
20240206;100405;0.024495000;34710000;9541151147;B
20240206;100406;0.024490000;10000;9541151303;B
20240206;100406;0.024490000;20000;9541151346;B
20240206;100407;0.024485000;30000;9541151440;B
20240206;100407;0.024480000;60000;9541151447;S
20240206;100410;0.024480000;10000;9541152002;S
20240206;100413;0.024485000;20000;9541152514;B
20240206;100413;0.024480000;2000000;9541152566;S
20240206;100414;0.024480000;60000;9541152699;S
20240206;100414;0.024485000;10000;9541152716;B
20240206;100415;0.024480000;1400000;9541152763;S
20240206;100415;0.024480000;80000;9541152764;S
20240206;100415;0.024480000;1920000;9541152802;S
20240206;100415;0.024480000;80000;9541152803;S
20240206;100415;0.024485000;420000;9541152823;B
20240206;100415;0.024485000;1220000;9541152824;B
20240206;100417;0.024490000;10000;9541153068;B
20240206;100418;0.024480000;10000;9541153263;S
20240206;100420;0.024490000;10000;9541153538;B
20240206;100421;0.024490000;200000;9541153766;B
20240206;100423;0.024480000;110000;9541153935;S
20240206;100423;0.024480000;1000000;9541153936;S
20240206;100423;0.024480000;6000000;9541153937;S
20240206;100423;0.024480000;10000;9541153938;S
20240206;100423;0.024480000;700000;9541153939;S
20240206;100423;0.024480000;450000;9541153940;S
20240206;100423;0.024480000;10000;9541153941;S
20240206;100423;0.024480000;2450000;9541153942;S
20240206;100423;0.024475000;450000;9541153943;S
20240206;100423;0.024475000;6000000;9541153944;S
20240206;100423;0.024475000;5000000;9541153945;S
20240206;100423;0.024475000;500000;9541153946;S
20240206;100423;0.024490000;80000;9541154076;B
20240206;100424;0.024490000;200000;9541154113;B
20240206;100426;0.024480000;10000;9541154483;S
20240206;100430;0.024490000;20000;9541155101;B
20240206;100431;0.024480000;10000;9541155146;S
20240206;100431;0.024480000;10000;9541155160;S
20240206;100432;0.024490000;20000;9541155596;B
20240206;100434;0.024490000;10000;9541155810;B
20240206;100435;0.024480000;270000;9541155964;S
20240206;100437;0.024480000;50000;9541156240;S
20240206;100437;0.024480000;760000;9541156242;S
20240206;100437;0.024485000;20000;9541156269;S
20240206;100438;0.024485000;60000;9541156533;S
20240206;100440;0.024485000;80000;9541156961;B
20240206;100440;0.024480000;100000;9541157052;S
20240206;100440;0.024480000;100000;9541157053;S
20240206;100440;0.024480000;1000000;9541157054;S
20240206;100440;0.024480000;300000;9541157055;S
20240206;100440;0.024480000;500000;9541157056;S
20240206;100440;0.024480000;300000;9541157058;S
20240206;100440;0.024480000;100000;9541157059;S
20240206;100440;0.024480000;100000;9541157060;S
20240206;100440;0.024480000;100000;9541157061;S
20240206;100440;0.024480000;100000;9541157062;S
20240206;100440;0.024480000;100000;9541157063;S
20240206;100440;0.024480000;100000;9541157064;S
20240206;100440;0.024480000;100000;9541157065;S
20240206;100441;0.024480000;900000;9541157077;S
20240206;100441;0.024480000;200000;9541157078;S
20240206;100441;0.024480000;300000;9541157079;S
20240206;100441;0.024480000;600000;9541157080;S
20240206;100441;0.024480000;1300000;9541157081;S
20240206;100441;0.024480000;2590000;9541157084;S
20240206;100441;0.024480000;710000;9541157085;S
20240206;100441;0.024480000;400000;9541157086;S
20240206;100441;0.024485000;20000;9541157256;B
20240206;100442;0.024485000;1000000;9541157436;B
20240206;100443;0.024480000;7300000;9541157696;S
20240206;100443;0.024480000;1040000;9541157699;S
20240206;100444;0.024485000;1000000;9541157845;B
20240206;100444;0.024485000;5000000;9541157846;B
20240206;100444;0.024485000;600000;9541157847;B
20240206;100444;0.024485000;2340000;9541157848;B
20240206;100444;0.024485000;2300000;9541157849;B
20240206;100444;0.024490000;450000;9541157850;B
20240206;100444;0.024490000;3310000;9541157851;B
20240206;100446;0.024480000;550000;9541158268;S
20240206;100446;0.024475000;2320000;9541158269;S
20240206;100446;0.024470000;2000000;9541158270;S
20240206;100446;0.024470000;5130000;9541158271;S
20240206;100446;0.024485000;30000;9541158316;B
20240206;100448;0.024485000;20000;9541158719;B
20240206;100450;0.024480000;500000;9541158918;S
20240206;100451;0.024485000;50000;9541159087;B
20240206;100451;0.024485000;10000;9541159273;B
20240206;100452;0.024480000;50000;9541159433;S
20240206;100453;0.024485000;10000;9541159522;B
20240206;100453;0.024485000;10000;9541159598;B
20240206;100454;0.024480000;1070000;9541159730;S
20240206;100455;0.024485000;870000;9541159920;B
20240206;100455;0.024485000;2130000;9541159921;B
20240206;100459;0.024490000;10000;9541160488;B
20240206;100459;0.024490000;20000;9541160489;B
20240206;100459;0.024490000;10000;9541160549;B
20240206;100500;0.024490000;12230000;9541160718;B
20240206;100500;0.024490000;50000;9541160719;B
20240206;100500;0.024490000;10000;9541160720;B
20240206;100500;0.024490000;5000000;9541160721;B
20240206;100500;0.024490000;1000000;9541160722;B
20240206;100500;0.024490000;6000000;9541160723;B
20240206;100500;0.024490000;12250000;9541160724;B
20240206;100500;0.024490000;4090000;9541160725;B
20240206;100500;0.024490000;90000;9541160726;B
20240206;100500;0.024495000;10840000;9541160727;B
20240206;100500;0.024495000;1000000;9541160728;B
20240206;100500;0.024495000;200000;9541160729;B
20240206;100500;0.024495000;10000;9541160730;B
20240206;100500;0.024495000;300000;9541160731;B
20240206;100500;0.024495000;10000;9541160732;B
20240206;100500;0.024495000;1000000;9541160733;B
20240206;100500;0.024495000;10000;9541160734;B
20240206;100500;0.024495000;500000;9541160735;B
20240206;100500;0.024495000;10000;9541160736;B
20240206;100500;0.024495000;100000;9541160737;B
20240206;100500;0.024495000;6000000;9541160738;B
20240206;100500;0.024495000;5630000;9541160739;B
20240206;100500;0.024495000;4800000;9541160740;B
20240206;100500;0.024495000;15530000;9541160741;B
20240206;100501;0.024495000;1200000;9541160773;B
20240206;100501;0.024495000;10000;9541160801;B
20240206;100504;0.024495000;880000;9541161284;B
20240206;100504;0.024485000;10000;9541161379;S
20240206;100505;0.024495000;40000;9541161547;B
20240206;100506;0.024480000;400000;9541161707;S
20240206;100509;0.024495000;10000;9541162164;B
20240206;100511;0.024495000;10000;9541162523;B
20240206;100515;0.024495000;350000;9541163024;B
20240206;100518;0.024495000;2200000;9541163468;B
20240206;100518;0.024495000;10000;9541163469;B
20240206;100518;0.024495000;790000;9541163470;B
20240206;100518;0.024485000;60000;9541163484;S
20240206;100519;0.024495000;1000000;9541163514;B
20240206;100520;0.024495000;50000;9541163679;B
20240206;100520;0.024485000;20000;9541163694;S
20240206;100524;0.024495000;10000;9541164403;B
20240206;100531;0.024495000;190000;9541165372;B
20240206;100531;0.024495000;4440000;9541165373;B
20240206;100531;0.024495000;370000;9541165374;B
20240206;100536;0.024495000;170000;9541166274;B
20240206;100538;0.024495000;250000;9541166485;B
20240206;100538;0.024495000;500000;9541166509;B
20240206;100538;0.024495000;10000;9541166525;B
20240206;100539;0.024490000;60000;9541166627;S
20240206;100540;0.024490000;20000;9541166716;S
20240206;100540;0.024490000;10000;9541166742;S
20240206;100542;0.024495000;10000;9541167018;B
20240206;100543;0.024495000;20000;9541167505;B
20240206;100545;0.024495000;1000000;9541167713;B
20240206;100546;0.024495000;10000;9541167829;B
20240206;100546;0.024495000;30000;9541167852;B
20240206;100546;0.024490000;140000;9541167876;S
20240206;100551;0.024490000;1610000;9541168676;S
20240206;100551;0.024490000;1000000;9541168677;S
20240206;100551;0.024490000;10000;9541168678;S
20240206;100551;0.024490000;20000;9541168679;S
20240206;100551;0.024490000;1930000;9541168680;S
20240206;100551;0.024490000;430000;9541168681;S
20240206;100555;0.024495000;10000;9541169467;B
20240206;100556;0.024495000;10000;9541169533;B
20240206;100556;0.024495000;10000;9541169535;B
20240206;100557;0.024485000;10000;9541169723;S
20240206;100557;0.024495000;20000;9541169725;B
20240206;100557;0.024495000;60000;9541169726;B
20240206;100559;0.024495000;40000;9541169951;B
20240206;100559;0.024495000;450000;9541169952;B
20240206;100559;0.024495000;29510000;9541169953;B
20240206;100559;0.024495000;20000;9541169975;B
20240206;100602;0.024495000;10000;9541170483;B
20240206;100604;0.024495000;10000;9541170748;B
20240206;100605;0.024495000;1000000;9541170781;B
20240206;100606;0.024495000;20000;9541171057;B
20240206;100608;0.024485000;10000;9541171252;S
20240206;100614;0.024485000;900000;9541171975;S
20240206;100614;0.024485000;50000;9541171976;S
20240206;100614;0.024485000;1000000;9541171977;S
20240206;100614;0.024485000;50000;9541171978;S
20240206;100614;0.024495000;1500000;9541172003;B
20240206;100615;0.024490000;40000;9541172142;S
20240206;100616;0.024495000;2050000;9541172272;B
20240206;100617;0.024495000;1000000;9541172521;B
20240206;100618;0.024495000;30000;9541172703;B
20240206;100619;0.024495000;10000;9541172742;B
20240206;100620;0.024490000;500000;9541172939;S
20240206;100621;0.024490000;200000;9541173105;S
20240206;100622;0.024495000;4000000;9541173224;B
20240206;100624;0.024495000;100000;9541173560;B
20240206;100624;0.024490000;300000;9541173589;S
20240206;100624;0.024490000;1950000;9541173590;S
20240206;100624;0.024490000;10080000;9541173591;S
20240206;100627;0.024490000;20000;9541174138;B
20240206;100627;0.024490000;40000;9541174150;B
20240206;100627;0.024490000;50000;9541174211;B
20240206;100628;0.024490000;2000000;9541174291;B
20240206;100630;0.024490000;27550000;9541174542;B
20240206;100630;0.024490000;50000;9541174543;B
20240206;100630;0.024495000;7400000;9541174544;B
20240206;100634;0.024495000;50000;9541175044;B
20240206;100634;0.024490000;90000;9541175051;S
20240206;100639;0.024495000;10000;9541175602;B
20240206;100640;0.024495000;100000;9541175736;B
20240206;100642;0.024495000;20000;9541176201;B
20240206;100642;0.024490000;80000;9541176508;S
20240206;100643;0.024490000;50000;9541176721;S
20240206;100646;0.024490000;50000;9541177155;S
20240206;100647;0.024490000;500000;9541177587;S
20240206;100648;0.024490000;230000;9541177601;S
20240206;100648;0.024490000;70000;9541177602;S
20240206;100648;0.024490000;10000;9541177633;S
20240206;100650;0.024495000;10000;9541177958;B
20240206;100651;0.024495000;10000;9541178049;B
20240206;100654;0.024495000;10000;9541178465;B
20240206;100654;0.024495000;130000;9541178466;B
20240206;100655;0.024495000;10000;9541178545;B
20240206;100656;0.024495000;10000;9541178675;B
20240206;100656;0.024495000;20000;9541178806;B
20240206;100656;0.024490000;1000000;9541178818;S
20240206;100656;0.024490000;10000;9541178819;S
20240206;100656;0.024490000;990000;9541178820;S
20240206;100657;0.024495000;10000;9541179105;B
20240206;100659;0.024490000;90000;9541179397;S
20240206;100700;0.024490000;110000;9541179553;S
20240206;100700;0.024495000;20000;9541179576;B
20240206;100702;0.024490000;10000;9541179801;S
20240206;100703;0.024495000;1000000;9541179931;B
20240206;100703;0.024495000;10000;9541179980;B
20240206;100705;0.024490000;10000;9541180205;S
20240206;100705;0.024490000;990000;9541180294;S
20240206;100705;0.024490000;3260000;9541180295;S
20240206;100708;0.024495000;500000;9541180701;B
20240206;100709;0.024490000;860000;9541180840;S
20240206;100709;0.024490000;160000;9541180841;S
20240206;100709;0.024490000;9700000;9541180842;S
20240206;100710;0.024485000;700000;9541180939;S
20240206;100712;0.024490000;50000;9541181194;B
20240206;100714;0.024490000;10000;9541181427;B
20240206;100715;0.024490000;10000;9541181535;B
20240206;100716;0.024485000;340000;9541181651;S
20240206;100717;0.024485000;30000;9541181758;S
20240206;100718;0.024490000;70000;9541181852;B
20240206;100718;0.024490000;2000000;9541181872;B
20240206;100718;0.024485000;50000;9541181914;S
20240206;100721;0.024485000;10000;9541182518;S
20240206;100721;0.024485000;550000;9541182523;S
20240206;100721;0.024490000;60000;9541182558;B
20240206;100724;0.024490000;2080000;9541182828;B
20240206;100725;0.024495000;300000;9541182922;B
20240206;100725;0.024490000;79000000;9541182980;S
20240206;100726;0.024495000;10000;9541183060;B
20240206;100727;0.024490000;150000;9541183149;S
20240206;100727;0.024495000;1110000;9541183203;B
20240206;100727;0.024495000;4440000;9541183204;B
20240206;100728;0.024495000;10000;9541183359;B
20240206;100730;0.024495000;10000;9541183664;B
20240206;100731;0.024495000;70000;9541183720;B
20240206;100732;0.024490000;10000;9541183892;S
20240206;100733;0.024490000;80000;9541183984;S
20240206;100733;0.024495000;40000;9541183987;B
20240206;100733;0.024495000;100000;9541184010;B
20240206;100734;0.024495000;200000;9541184175;B
20240206;100736;0.024495000;10000;9541184363;B
20240206;100737;0.024490000;10000;9541184462;S
20240206;100737;0.024495000;10000;9541184488;B
20240206;100738;0.024495000;3240000;9541184647;B
20240206;100739;0.024490000;10000;9541184694;S
20240206;100739;0.024495000;100000;9541184696;B
20240206;100741;0.024495000;130000;9541184920;B
20240206;100742;0.024495000;50000;9541185052;B
20240206;100744;0.024490000;10000;9541185196;S
20240206;100749;0.024495000;40000;9541185933;B
20240206;100750;0.024490000;10000;9541185985;S
20240206;100750;0.024495000;10000;9541186004;B
20240206;100751;0.024495000;10000;9541186102;B
20240206;100752;0.024490000;10000;9541186182;S
20240206;100752;0.024490000;30000;9541186237;S
20240206;100754;0.024495000;10000;9541186419;B
20240206;100754;0.024490000;60000000;9541186496;S
20240206;100755;0.024495000;30000;9541186595;B
20240206;100756;0.024495000;270000;9541186842;B
20240206;100757;0.024495000;1220000;9541186872;B
20240206;100757;0.024495000;500000;9541186873;B
20240206;100757;0.024495000;10000;9541186874;B
20240206;100757;0.024495000;270000;9541186875;B
20240206;100759;0.024495000;10000;9541187078;B
20240206;100759;0.024495000;180000;9541187094;B
20240206;100759;0.024495000;10000;9541187172;B
20240206;100800;0.024490000;10000;9541187371;S
20240206;100800;0.024490000;10000;9541187410;S
20240206;100800;0.024495000;50000;9541187460;B
20240206;100802;0.024490000;380000;9541187674;S
20240206;100803;0.024490000;40000;9541187893;S
20240206;100803;0.024490000;10000;9541187910;S
20240206;100805;0.024490000;100000;9541188099;S
20240206;100805;0.024495000;30000;9541188157;B
20240206;100808;0.024495000;70000;9541188524;B
20240206;100809;0.024495000;10000;9541188591;B
20240206;100813;0.024495000;10000;9541189037;B
20240206;100814;0.024490000;10000;9541189088;S
20240206;100814;0.024490000;120000;9541189187;S
20240206;100815;0.024495000;1360000;9541189319;B
20240206;100815;0.024495000;50000;9541189320;B
20240206;100815;0.024495000;550000;9541189321;B
20240206;100815;0.024495000;10000;9541189322;B
20240206;100815;0.024495000;410000;9541189323;B
20240206;100815;0.024495000;270000;9541189325;B
20240206;100815;0.024495000;10000;9541189326;B
20240206;100815;0.024495000;160000;9541189327;B
20240206;100815;0.024495000;60000;9541189328;B
20240206;100815;0.024495000;30000;9541189329;B
20240206;100815;0.024495000;120000;9541189330;B
20240206;100815;0.024495000;120000;9541189331;B
20240206;100815;0.024495000;110000;9541189332;B
20240206;100815;0.024495000;170000;9541189333;B
20240206;100815;0.024495000;70000;9541189334;B
20240206;100815;0.024495000;40000;9541189335;B
20240206;100815;0.024495000;100000;9541189336;B
20240206;100815;0.024495000;460000;9541189337;B
20240206;100815;0.024495000;120000;9541189338;B
20240206;100815;0.024495000;710000;9541189339;B
20240206;100815;0.024495000;5000000;9541189341;S
20240206;100815;0.024495000;7240000;9541189342;S
20240206;100815;0.024495000;1160000;9541189343;S
20240206;100815;0.024495000;1500000;9541189344;S
20240206;100815;0.024495000;1600000;9541189345;S
20240206;100815;0.024495000;10000;9541189346;S
20240206;100815;0.024490000;3190000;9541189347;S
20240206;100816;0.024495000;1000000;9541189428;S
20240206;100816;0.024495000;2000000;9541189439;S
20240206;100817;0.024500000;10000;9541189454;B
20240206;100817;0.024500000;10000;9541189455;B
20240206;100817;0.024500000;20000;9541189456;B
20240206;100817;0.024500000;190000;9541189457;B
20240206;100817;0.024500000;100000;9541189458;B
20240206;100817;0.024500000;210000;9541189459;B
20240206;100817;0.024490000;10000;9541189483;S
20240206;100817;0.024500000;50000;9541189484;B
20240206;100817;0.024500000;50000;9541189523;B
20240206;100818;0.024500000;10000;9541189652;B
20240206;100820;0.024495000;10000;9541189845;B
20240206;100820;0.024495000;20000;9541189846;B
20240206;100820;0.024495000;60000;9541189850;S
20240206;100820;0.024495000;10530000;9541189851;S
20240206;100828;0.024495000;800000;9541190824;S
20240206;100830;0.024500000;20000;9541191000;B
20240206;100830;0.024500000;660000;9541191014;B
20240206;100830;0.024500000;300000;9541191015;B
20240206;100830;0.024500000;10000;9541191016;B
20240206;100830;0.024500000;800000;9541191017;B
20240206;100830;0.024500000;50000;9541191018;B
20240206;100830;0.024500000;2490000;9541191019;B
20240206;100830;0.024500000;10000;9541191020;B
20240206;100830;0.024500000;10000;9541191021;B
20240206;100830;0.024500000;250000;9541191022;B
20240206;100830;0.024500000;50000;9541191023;B
20240206;100830;0.024500000;1000000;9541191024;B
20240206;100830;0.024500000;160000;9541191025;B
20240206;100830;0.024500000;10000;9541191026;B
20240206;100830;0.024500000;40000;9541191027;B
20240206;100830;0.024500000;1160000;9541191028;B
20240206;100832;0.024500000;1500000;9541191313;B
20240206;100833;0.024500000;20000;9541191364;B
20240206;100834;0.024500000;20000;9541191574;B
20240206;100835;0.024495000;1000000;9541191578;S
20240206;100835;0.024495000;5500000;9541191579;S
20240206;100835;0.024495000;2040000;9541191604;S
20240206;100838;0.024500000;10000;9541191976;B
20240206;100840;0.024495000;20000;9541192185;S
20240206;100841;0.024500000;1290000;9541192280;B
20240206;100841;0.024500000;10000;9541192281;B
20240206;100841;0.024500000;2000000;9541192282;B
20240206;100841;0.024500000;140000;9541192283;B
20240206;100841;0.024500000;10000;9541192284;B
20240206;100841;0.024500000;10000;9541192285;B
20240206;100841;0.024500000;1540000;9541192286;B
20240206;100843;0.024500000;900000;9541192607;B
20240206;100844;0.024500000;2560000;9541192665;B
20240206;100844;0.024500000;10000;9541192666;B
20240206;100844;0.024500000;1100000;9541192667;B
20240206;100844;0.024500000;100000;9541192668;B
20240206;100844;0.024500000;1230000;9541192669;B
20240206;100845;0.024500000;10000;9541192789;B
20240206;100846;0.024500000;2000000;9541192905;B
20240206;100846;0.024500000;80000;9541192914;B
20240206;100846;0.024500000;90000;9541192919;B
20240206;100847;0.024500000;20000;9541192937;B
20240206;100848;0.024500000;10000;9541193063;B
20240206;100852;0.024500000;400000;9541193414;B
20240206;100852;0.024500000;20000;9541193495;B
20240206;100854;0.024495000;40000;9541193648;S
20240206;100855;0.024495000;100000;9541193728;S
20240206;100855;0.024500000;110000;9541193729;B
20240206;100855;0.024495000;100000;9541193737;S
20240206;100857;0.024500000;100000;9541193943;B
20240206;100859;0.024500000;10000;9541194216;B
20240206;100900;0.024500000;1020000;9541194335;B
20240206;100901;0.024495000;200000;9541194369;S
20240206;100901;0.024495000;2000000;9541194449;S
20240206;100901;0.024495000;10000;9541194450;S
20240206;100901;0.024495000;40000;9541194451;S
20240206;100901;0.024495000;100000;9541194452;S
20240206;100901;0.024495000;1000000;9541194453;S
20240206;100901;0.024495000;90000;9541194454;S
20240206;100901;0.024495000;1760000;9541194455;S
20240206;100904;0.024490000;10000;9541194826;S
20240206;100905;0.024500000;4900000;9541194983;B
20240206;100905;0.024500000;10000;9541194984;B
20240206;100905;0.024500000;870000;9541194985;B
20240206;100905;0.024500000;30000;9541194986;B
20240206;100905;0.024500000;20000;9541194987;B
20240206;100905;0.024500000;11160000;9541194988;B
20240206;100905;0.024500000;50000;9541194989;B
20240206;100905;0.024500000;5000000;9541194990;B
20240206;100905;0.024500000;2960000;9541194991;B
20240206;100906;0.024500000;10000;9541195171;B
20240206;100907;0.024500000;30000;9541195179;B
20240206;100907;0.024500000;170000;9541195180;B
20240206;100908;0.024500000;1000000;9541195318;B
20240206;100908;0.024500000;10000;9541195350;B
20240206;100909;0.024500000;10000;9541195465;B
20240206;100909;0.024495000;20000;9541195493;S
20240206;100910;0.024495000;40000;9541195506;S
20240206;100912;0.024500000;20000;9541195792;B
20240206;100914;0.024495000;2000000;9541195953;S
20240206;100915;0.024500000;700000;9541196127;B
20240206;100915;0.024500000;1000000;9541196134;B
20240206;100918;0.024500000;10000;9541196496;B
20240206;100919;0.024500000;20000;9541196564;B
20240206;100922;0.024500000;30000;9541196875;B
20240206;100922;0.024500000;30000;9541196880;B
20240206;100922;0.024500000;20000;9541196918;B
20240206;100923;0.024495000;40000;9541197128;S
20240206;100929;0.024495000;80000;9541197865;S
20240206;100931;0.024500000;10000;9541198054;B
20240206;100931;0.024500000;10000;9541198121;B
20240206;100931;0.024500000;100000;9541198153;B
20240206;100932;0.024500000;10000;9541198363;B
20240206;100932;0.024500000;20000;9541198368;B
20240206;100933;0.024500000;10000;9541198444;B
20240206;100933;0.024495000;10000;9541198536;S
20240206;100934;0.024500000;10000;9541198586;B
20240206;100935;0.024500000;280000;9541198692;B
20240206;100936;0.024500000;2000000;9541198752;B
20240206;100937;0.024500000;20000;9541198857;B
20240206;100937;0.024500000;250000;9541198859;B
20240206;100937;0.024500000;10000;9541198875;B
20240206;100938;0.024500000;10000;9541198960;B
20240206;100940;0.024500000;4410000;9541199275;B
20240206;100940;0.024500000;22620000;9541199276;B
20240206;100940;0.024500000;300000;9541199277;B
20240206;100940;0.024500000;250000;9541199278;B
20240206;100940;0.024500000;20000;9541199279;B
20240206;100940;0.024500000;1250000;9541199280;B
20240206;100940;0.024500000;11150000;9541199281;B
20240206;100940;0.024495000;100000;9541199282;S
20240206;100942;0.024505000;70000;9541199508;B
20240206;100942;0.024505000;10000;9541199568;B
20240206;100943;0.024500000;10000;9541199735;S
20240206;100944;0.024495000;10000;9541199849;S
20240206;100944;0.024495000;210000;9541199850;S
20240206;100944;0.024495000;2000000;9541199851;S
20240206;100944;0.024495000;150000;9541199852;S
20240206;100944;0.024495000;2330000;9541199853;S
20240206;100945;0.024505000;100000;9541199970;B
20240206;100950;0.024505000;10000;9541200674;B
20240206;100950;0.024500000;100000;9541200734;S
20240206;100951;0.024500000;10000;9541200786;S
20240206;100952;0.024505000;30000;9541201052;B
20240206;100954;0.024505000;10000;9541201269;B
20240206;100954;0.024505000;40000;9541201303;B
20240206;100955;0.024500000;300000;9541201403;S
20240206;100957;0.024505000;10000;9541201542;B
20240206;100959;0.024500000;1990000;9541201815;S
20240206;101004;0.024505000;3720000;9541202458;B
20240206;101004;0.024505000;1000000;9541202459;B
20240206;101004;0.024505000;50000000;9541202460;B
20240206;101004;0.024505000;10000;9541202461;B
20240206;101004;0.024505000;50000;9541202462;B
20240206;101004;0.024505000;7500000;9541202463;B
20240206;101004;0.024505000;10000;9541202464;B
20240206;101004;0.024505000;10000;9541202465;B
20240206;101004;0.024505000;2000000;9541202466;B
20240206;101004;0.024505000;10000;9541202467;B
20240206;101004;0.024505000;100000;9541202468;B
20240206;101004;0.024505000;10000;9541202469;B
20240206;101004;0.024505000;3500000;9541202470;B
20240206;101004;0.024505000;50000;9541202471;B
20240206;101004;0.024505000;1000000;9541202472;B
20240206;101004;0.024505000;11030000;9541202473;B
20240206;101007;0.024500000;10000;9541202869;S
20240206;101008;0.024505000;70000;9541202923;B
20240206;101008;0.024505000;40000;9541202969;B
20240206;101010;0.024505000;500000;9541203178;B
20240206;101010;0.024500000;10000;9541203220;S
20240206;101010;0.024505000;190000;9541203243;B
20240206;101010;0.024505000;100000;9541203244;B
20240206;101010;0.024505000;10000;9541203245;B
20240206;101010;0.024505000;20000;9541203246;B
20240206;101010;0.024505000;10000;9541203247;B
20240206;101010;0.024505000;10000;9541203248;B
20240206;101010;0.024505000;10000;9541203249;B
20240206;101010;0.024505000;6650000;9541203250;B
20240206;101010;0.024505000;220000;9541203259;S
20240206;101010;0.024505000;4780000;9541203260;S
20240206;101010;0.024505000;10000000;9541203261;S
20240206;101010;0.024505000;5000000;9541203262;S
20240206;101010;0.024505000;2500000;9541203263;S
20240206;101010;0.024505000;4770000;9541203264;S
20240206;101010;0.024505000;1130000;9541203265;S
20240206;101010;0.024505000;490000;9541203266;S
20240206;101010;0.024500000;50000;9541203286;S
20240206;101012;0.024505000;10000;9541203490;B
20240206;101012;0.024505000;450000;9541203535;B
20240206;101013;0.024505000;80000;9541203718;B
20240206;101014;0.024505000;10000;9541203924;B
20240206;101015;0.024500000;200000;9541204113;S
20240206;101015;0.024505000;10000;9541204259;B
20240206;101016;0.024505000;500000;9541204330;B
20240206;101018;0.024500000;2330000;9541204690;S
20240206;101018;0.024500000;170000;9541204691;S
20240206;101019;0.024505000;20000;9541204862;B
20240206;101019;0.024500000;4000000;9541204885;S
20240206;101021;0.024505000;20000;9541205210;B
20240206;101022;0.024505000;10000;9541205483;B
20240206;101024;0.024505000;120000;9541205696;B
20240206;101025;0.024500000;100000;9541205777;S
20240206;101025;0.024505000;780000;9541205844;B
20240206;101025;0.024505000;520000;9541205845;B
20240206;101026;0.024505000;10000;9541205974;B
20240206;101026;0.024500000;10000;9541206007;S
20240206;101031;0.024505000;20000;9541206733;B
20240206;101032;0.024505000;10000;9541206883;B
20240206;101032;0.024500000;30000;9541206966;S
20240206;101033;0.024505000;130000;9541207073;B
20240206;101034;0.024505000;30000;9541207175;B
20240206;101034;0.024505000;30000;9541207188;B
20240206;101035;0.024500000;10000;9541207285;S
20240206;101036;0.024505000;40000;9541207403;B
20240206;101038;0.024505000;610000;9541207865;B
20240206;101038;0.024505000;2500000;9541207866;B
20240206;101038;0.024505000;100000;9541207867;B
20240206;101038;0.024505000;1000000;9541207868;B
20240206;101038;0.024505000;1000000;9541207869;B
20240206;101038;0.024505000;2000000;9541207870;B
20240206;101038;0.024505000;2000000;9541207871;B
20240206;101038;0.024505000;100000;9541207872;B
20240206;101038;0.024505000;200000;9541207873;B
20240206;101038;0.024505000;700000;9541207874;B
20240206;101038;0.024505000;500000;9541207875;B
20240206;101038;0.024505000;100000;9541207876;B
20240206;101038;0.024505000;1190000;9541207877;B
20240206;101039;0.024500000;30000;9541207986;S
20240206;101041;0.024505000;20000;9541208284;B
20240206;101041;0.024505000;1000000;9541208330;B
20240206;101042;0.024505000;90000;9541208478;B
20240206;101044;0.024505000;2700000;9541208844;B
20240206;101044;0.024505000;200000;9541208845;B
20240206;101044;0.024505000;1000000;9541208846;B
20240206;101044;0.024505000;3000000;9541208847;B
20240206;101044;0.024505000;100000;9541208848;B
20240206;101044;0.024505000;5700000;9541208849;B
20240206;101044;0.024505000;6800000;9541208850;B
20240206;101044;0.024505000;300000;9541208851;B
20240206;101044;0.024505000;800000;9541208852;B
20240206;101044;0.024505000;400000;9541208853;B
20240206;101046;0.024505000;10000;9541209143;B
20240206;101047;0.024505000;390000;9541209252;B
20240206;101047;0.024505000;1000000;9541209253;B
20240206;101047;0.024505000;100000;9541209254;B
20240206;101047;0.024505000;810000;9541209255;B
20240206;101049;0.024500000;10000;9541209426;S
20240206;101049;0.024505000;4980000;9541209489;B
20240206;101050;0.024500000;4080000;9541209632;S
20240206;101053;0.024505000;10000;9541209981;B
20240206;101054;0.024505000;10000;9541210048;B
20240206;101054;0.024505000;4190000;9541210157;B
20240206;101054;0.024505000;30000;9541210158;B
20240206;101054;0.024505000;200000;9541210159;B
20240206;101054;0.024505000;100000;9541210160;B
20240206;101054;0.024505000;10000;9541210161;B
20240206;101054;0.024505000;12360000;9541210162;B
20240206;101054;0.024510000;20000;9541210166;B
20240206;101054;0.024510000;40000;9541210167;B
20240206;101056;0.024510000;50000;9541210393;B
20240206;101056;0.024510000;10000;9541210410;B
20240206;101058;0.024510000;10000;9541210655;B
20240206;101058;0.024510000;10000;9541210720;B
20240206;101058;0.024510000;10000;9541210759;B
20240206;101100;0.024505000;10000;9541211247;S
20240206;101101;0.024510000;20000;9541211331;B
20240206;101101;0.024510000;250000;9541211350;B
20240206;101102;0.024510000;600000;9541211481;B
20240206;101102;0.024510000;10000;9541211482;B
20240206;101102;0.024510000;10000;9541211483;B
20240206;101102;0.024510000;50000;9541211484;B
20240206;101102;0.024510000;20000;9541211485;B
20240206;101102;0.024510000;40000;9541211486;B
20240206;101102;0.024510000;1070000;9541211487;B
20240206;101102;0.024505000;20000;9541211587;S
20240206;101104;0.024505000;220000;9541211819;S
20240206;101105;0.024505000;20000;9541211954;S
20240206;101107;0.024505000;100000;9541212099;S
20240206;101108;0.024510000;8930000;9541212229;B
20240206;101108;0.024510000;30000;9541212230;B
20240206;101108;0.024510000;10000;9541212231;B
20240206;101108;0.024510000;10000;9541212232;B
20240206;101108;0.024510000;12340000;9541212233;B
20240206;101108;0.024510000;100000;9541212234;B
20240206;101108;0.024510000;20000;9541212235;B
20240206;101108;0.024510000;10000;9541212236;B
20240206;101108;0.024510000;340000;9541212240;S
20240206;101108;0.024510000;1070000;9541212241;S
20240206;101108;0.024510000;10000;9541212277;B
20240206;101110;0.024510000;1280000;9541212422;B
20240206;101110;0.024510000;100000;9541212423;B
20240206;101110;0.024510000;2200000;9541212424;B
20240206;101110;0.024510000;800000;9541212425;B
20240206;101110;0.024510000;100000;9541212426;B
20240206;101110;0.024510000;100000;9541212427;B
20240206;101110;0.024510000;420000;9541212428;B
20240206;101110;0.024510000;280000;9541212435;B
20240206;101110;0.024510000;3300000;9541212436;B
20240206;101110;0.024510000;6420000;9541212437;B
20240206;101111;0.024505000;30000;9541212509;S
20240206;101112;0.024505000;150000;9541212595;S
20240206;101112;0.024505000;30000;9541212605;S
20240206;101112;0.024510000;200000;9541212625;B
20240206;101114;0.024505000;60000;9541212852;S
20240206;101117;0.024510000;3000000;9541213210;B
20240206;101118;0.024510000;2800000;9541213335;B
20240206;101118;0.024515000;5000000;9541213336;B
20240206;101118;0.024515000;1000000;9541213337;B
20240206;101118;0.024515000;10000;9541213338;B
20240206;101118;0.024515000;50000;9541213339;B
20240206;101118;0.024515000;10000;9541213340;B
20240206;101118;0.024515000;10000;9541213341;B
20240206;101118;0.024515000;50000;9541213342;B
20240206;101118;0.024515000;1070000;9541213343;B
20240206;101118;0.024510000;720000;9541213373;S
20240206;101118;0.024510000;20000;9541213414;S
20240206;101119;0.024515000;30000;9541213463;B
20240206;101120;0.024510000;2260000;9541213594;S
20240206;101120;0.024510000;4160000;9541213595;S
20240206;101120;0.024510000;3580000;9541213596;S
20240206;101121;0.024515000;10000;9541213760;B
20240206;101123;0.024515000;20000;9541213995;B
20240206;101123;0.024510000;10000;9541214037;S
20240206;101123;0.024510000;20000;9541214041;S
20240206;101125;0.024515000;150000;9541214266;B
20240206;101126;0.024515000;100000;9541214452;B
20240206;101132;0.024515000;200000;9541215365;B
20240206;101133;0.024510000;40000;9541215498;S
20240206;101135;0.024510000;10000;9541215691;S
20240206;101137;0.024515000;200000;9541215953;B
20240206;101137;0.024515000;40000;9541216006;B
20240206;101138;0.024510000;50000;9541216095;S
20240206;101139;0.024515000;80000;9541216151;B
20240206;101140;0.024510000;10000;9541216255;S
20240206;101140;0.024510000;400000;9541216284;S
20240206;101140;0.024515000;10000;9541216292;B
20240206;101140;0.024515000;1000000;9541216294;B
20240206;101141;0.024515000;50000;9541216353;B
20240206;101141;0.024515000;10000;9541216383;B
20240206;101141;0.024515000;30000;9541216400;B
20240206;101145;0.024515000;10000;9541216786;B
20240206;101146;0.024510000;560000;9541216918;S
20240206;101147;0.024515000;1990000;9541216985;B
20240206;101147;0.024515000;600000;9541216986;B
20240206;101147;0.024515000;10000;9541216987;B
20240206;101147;0.024515000;5400000;9541216988;B
20240206;101148;0.024510000;820000;9541217057;S
20240206;101149;0.024515000;100000;9541217245;B
20240206;101149;0.024515000;50000;9541217246;B
20240206;101149;0.024515000;1850000;9541217247;S
20240206;101149;0.024515000;7750000;9541217248;S
20240206;101149;0.024515000;3000000;9541217249;S
20240206;101149;0.024515000;10000;9541217253;B
20240206;101151;0.024515000;1990000;9541217507;B
20240206;101151;0.024515000;200000;9541217508;B
20240206;101151;0.024515000;2700000;9541217509;B
20240206;101151;0.024515000;200000;9541217510;B
20240206;101151;0.024515000;100000;9541217511;B
20240206;101151;0.024515000;5300000;9541217512;B
20240206;101151;0.024515000;900000;9541217513;B
20240206;101151;0.024515000;900000;9541217514;B
20240206;101151;0.024515000;2900000;9541217515;B
20240206;101151;0.024520000;1000000;9541217516;B
20240206;101151;0.024520000;810000;9541217517;B
20240206;101151;0.024520000;190000;9541217518;B
20240206;101151;0.024520000;2810000;9541217519;B
20240206;101152;0.024520000;10000;9541217654;B
20240206;101153;0.024520000;320000;9541217701;B
20240206;101154;0.024515000;3000000;9541217850;S
20240206;101154;0.024515000;270000;9541217851;S
20240206;101154;0.024515000;2480000;9541217887;S
20240206;101155;0.024515000;2900000;9541217963;S
20240206;101155;0.024520000;10000;9541218017;B
20240206;101158;0.024515000;10000;9541218308;S
20240206;101159;0.024515000;310000;9541218479;S
20240206;101159;0.024520000;6850000;9541218495;B
20240206;101159;0.024520000;10000;9541218496;B
20240206;101159;0.024520000;50000;9541218497;B
20240206;101159;0.024520000;10000;9541218498;B
20240206;101159;0.024520000;10000;9541218499;B
20240206;101159;0.024520000;220000;9541218500;B
20240206;101159;0.024520000;20000;9541218501;B
20240206;101159;0.024520000;190000;9541218502;B
20240206;101159;0.024520000;2640000;9541218503;B
20240206;101159;0.024520000;2360000;9541218523;B
20240206;101159;0.024520000;1830000;9541218524;B
20240206;101159;0.024515000;10000;9541218532;S
20240206;101200;0.024515000;4070000;9541218689;S
20240206;101200;0.024520000;20000;9541218696;B
20240206;101202;0.024515000;10000;9541218873;S
20240206;101202;0.024520000;150000;9541218874;B
20240206;101202;0.024520000;50000;9541218875;B
20240206;101202;0.024520000;10000;9541218876;B
20240206;101202;0.024520000;500000;9541218877;B
20240206;101202;0.024520000;1510000;9541218878;B
20240206;101202;0.024520000;70000;9541218917;B
20240206;101203;0.024520000;790000;9541219025;B
20240206;101203;0.024515000;20000;9541219080;S
20240206;101203;0.024520000;1000000;9541219108;B
20240206;101203;0.024520000;190000;9541219117;B
20240206;101204;0.024520000;100000;9541219249;B
20240206;101204;0.024520000;100000;9541219251;B
20240206;101204;0.024520000;100000;9541219252;B
20240206;101204;0.024520000;100000;9541219253;B
20240206;101204;0.024520000;40000;9541219256;B
20240206;101204;0.024520000;60000;9541219257;B
20240206;101205;0.024520000;40000;9541219258;B
20240206;101205;0.024520000;60000;9541219259;B
20240206;101205;0.024520000;100000;9541219263;B
20240206;101205;0.024520000;100000;9541219264;B
20240206;101205;0.024520000;100000;9541219265;B
20240206;101205;0.024520000;100000;9541219267;B
20240206;101205;0.024520000;100000;9541219268;B
20240206;101205;0.024520000;100000;9541219269;B
20240206;101205;0.024520000;100000;9541219270;B
20240206;101205;0.024520000;100000;9541219271;B
20240206;101205;0.024520000;100000;9541219272;B
20240206;101205;0.024520000;100000;9541219273;B
20240206;101205;0.024520000;100000;9541219274;B
20240206;101205;0.024520000;300000;9541219298;B
20240206;101205;0.024520000;1500000;9541219388;B
20240206;101206;0.024520000;6700000;9541219495;B
20240206;101209;0.024520000;50000;9541219974;B
20240206;101210;0.024520000;3220000;9541220060;B
20240206;101210;0.024520000;20000;9541220108;B
20240206;101212;0.024515000;10000;9541220341;S
20240206;101212;0.024520000;17050000;9541220425;B
20240206;101212;0.024520000;20000;9541220426;B
20240206;101212;0.024520000;10000;9541220427;B
20240206;101212;0.024520000;100000;9541220428;B
20240206;101212;0.024520000;20760000;9541220429;B
20240206;101212;0.024520000;50000;9541220430;B
20240206;101212;0.024520000;2000000;9541220431;B
20240206;101212;0.024520000;10000;9541220432;B
20240206;101213;0.024520000;30000;9541220579;S
20240206;101214;0.024520000;40000;9541220695;S
20240206;101215;0.024520000;70000;9541220816;S
20240206;101215;0.024525000;10000;9541220820;B
20240206;101215;0.024520000;20000;9541220843;S
20240206;101215;0.024525000;10000;9541220849;B
20240206;101215;0.024525000;200000;9541220850;B
20240206;101215;0.024520000;20000;9541220892;S
20240206;101215;0.024525000;780000;9541220902;B
20240206;101215;0.024525000;150000;9541220903;B
20240206;101215;0.024525000;10000;9541220904;B
20240206;101215;0.024525000;50000;9541220905;B
20240206;101215;0.024525000;2000000;9541220906;B
20240206;101215;0.024525000;500000;9541220907;B
20240206;101215;0.024525000;10000;9541220908;B
20240206;101215;0.024525000;10000;9541220909;B
20240206;101215;0.024525000;2220000;9541220910;B
20240206;101215;0.024525000;4270000;9541220911;B
20240206;101216;0.024525000;10000;9541220930;B
20240206;101216;0.024525000;400000;9541220944;B
20240206;101216;0.024520000;80000;9541220946;S
20240206;101216;0.024525000;10000;9541220967;B
20240206;101217;0.024525000;1210000;9541221041;B
20240206;101217;0.024525000;10000;9541221083;B
20240206;101217;0.024525000;20000;9541221164;B
20240206;101218;0.024525000;80000;9541221200;B
20240206;101218;0.024525000;90000;9541221221;B
20240206;101218;0.024525000;10000;9541221258;B
20240206;101219;0.024520000;80000;9541221298;S
20240206;101219;0.024525000;850000;9541221299;B
20240206;101219;0.024525000;20000;9541221302;B
20240206;101219;0.024525000;10000;9541221323;B
20240206;101219;0.024525000;10000;9541221324;B
20240206;101219;0.024520000;180000;9541221361;S
20240206;101219;0.024525000;73000000;9541221365;B
20240206;101219;0.024525000;500000;9541221366;B
20240206;101219;0.024525000;5300000;9541221367;B
20240206;101219;0.024525000;10000;9541221368;B
20240206;101219;0.024525000;50000;9541221369;B
20240206;101219;0.024525000;60000;9541221370;B
20240206;101219;0.024525000;300000;9541221371;B
20240206;101219;0.024525000;50000;9541221372;B
20240206;101219;0.024525000;10000;9541221373;B
20240206;101219;0.024525000;100000;9541221374;B
20240206;101219;0.024525000;10000;9541221375;B
20240206;101219;0.024530000;10000;9541221376;B
20240206;101219;0.024530000;1000000;9541221377;B
20240206;101219;0.024530000;1500000;9541221378;B
20240206;101219;0.024530000;1000000;9541221379;B
20240206;101219;0.024530000;10000;9541221380;B
20240206;101219;0.024530000;10000;9541221381;B
20240206;101219;0.024530000;10000;9541221382;B
20240206;101219;0.024530000;50000;9541221383;B
20240206;101219;0.024530000;1000000;9541221384;B
20240206;101219;0.024530000;6000000;9541221385;B
20240206;101219;0.024530000;500000;9541221386;B
20240206;101219;0.024530000;40000;9541221387;B
20240206;101219;0.024530000;10000;9541221388;B
20240206;101219;0.024530000;1000000;9541221389;B
20240206;101219;0.024530000;5000000;9541221390;B
20240206;101219;0.024530000;150000;9541221391;B
20240206;101219;0.024530000;20000;9541221392;B
20240206;101219;0.024530000;500000;9541221393;B
20240206;101219;0.024530000;50000;9541221394;B
20240206;101219;0.024530000;2000000;9541221395;B
20240206;101219;0.024530000;50660000;9541221396;B
20240206;101219;0.024530000;90000;9541221397;B
20240206;101219;0.024530000;20000;9541221413;S
20240206;101220;0.024530000;100000;9541221427;S
20240206;101220;0.024530000;300000;9541221457;S
20240206;101220;0.024530000;2000000;9541221530;S
20240206;101221;0.024530000;10000;9541221552;S
20240206;101221;0.024535000;10000;9541221553;B
20240206;101221;0.024535000;1000000;9541221554;B
20240206;101221;0.024535000;1000000;9541221555;B
20240206;101221;0.024535000;4990000;9541221556;B
20240206;101221;0.024530000;10000;9541221590;S
20240206;101222;0.024535000;10000;9541221727;B
20240206;101222;0.024530000;560000;9541221761;S
20240206;101222;0.024530000;640000;9541221762;S
20240206;101224;0.024530000;20000;9541222069;S
20240206;101226;0.024535000;10000;9541222279;B
20240206;101227;0.024535000;10000;9541222312;B
20240206;101227;0.024530000;1030000;9541222380;S
20240206;101227;0.024530000;1200000;9541222403;S
20240206;101228;0.024535000;30000;9541222450;B
20240206;101228;0.024530000;10000;9541222456;S
20240206;101229;0.024530000;20000;9541222571;S
20240206;101231;0.024530000;20000;9541222862;S
20240206;101232;0.024530000;50000;9541222982;S
20240206;101235;0.024530000;500000;9541223310;S
20240206;101235;0.024530000;1500000;9541223326;S
20240206;101238;0.024530000;10000;9541223782;S
20240206;101238;0.024535000;10000;9541223788;B
20240206;101239;0.024530000;80000;9541223882;S
20240206;101242;0.024530000;20000;9541224207;S
20240206;101242;0.024535000;20000;9541224213;B
20240206;101242;0.024530000;110000;9541224233;S
20240206;101242;0.024535000;13080000;9541224234;B
20240206;101242;0.024535000;10000;9541224235;B
20240206;101242;0.024535000;50000;9541224236;B
20240206;101242;0.024535000;1000000;9541224237;B
20240206;101242;0.024535000;1000000;9541224238;B
20240206;101242;0.024535000;12520000;9541224239;B
20240206;101244;0.024535000;10000;9541224443;B
20240206;101246;0.024535000;10000;9541224654;B
20240206;101248;0.024530000;10000;9541224813;S
20240206;101249;0.024530000;2000000;9541224930;S
20240206;101250;0.024535000;10000;9541225072;B
20240206;101250;0.024530000;7920000;9541225084;S
20240206;101250;0.024530000;12080000;9541225085;S
20240206;101250;0.024530000;70000;9541225100;S
20240206;101251;0.024535000;10000;9541225214;B
20240206;101252;0.024530000;100000;9541225274;S
20240206;101253;0.024535000;660000;9541225446;B
20240206;101255;0.024535000;670000;9541225864;B
20240206;101256;0.024530000;10000;9541226034;S
20240206;101256;0.024535000;27030000;9541226052;B
20240206;101257;0.024535000;2000000;9541226130;B
20240206;101257;0.024535000;7790000;9541226160;B
20240206;101258;0.024535000;2600000;9541226330;B
20240206;101300;0.024535000;60000;9541226584;B
20240206;101300;0.024535000;1140000;9541226585;B
20240206;101301;0.024535000;20000;9541226637;B
20240206;101301;0.024535000;20000;9541226710;B
20240206;101302;0.024535000;40000;9541226830;B
20240206;101304;0.024535000;60000;9541227096;B
20240206;101307;0.024535000;9790000;9541227456;B
20240206;101307;0.024535000;3260000;9541227457;B
20240206;101307;0.024535000;12480000;9541227458;B
20240206;101307;0.024535000;200000;9541227480;B
20240206;101308;0.024535000;4000000;9541227542;B
20240206;101308;0.024535000;30000;9541227628;B
20240206;101308;0.024535000;4540000;9541227635;B
20240206;101309;0.024530000;130000;9541227673;S
20240206;101309;0.024530000;80000;9541227674;S
20240206;101309;0.024530000;1000000;9541227675;S
20240206;101309;0.024530000;2860000;9541227676;S
20240206;101309;0.024535000;20000;9541227679;B
20240206;101309;0.024535000;120000;9541227696;B
20240206;101309;0.024535000;10000;9541227713;B
20240206;101309;0.024535000;50000000;9541227769;B
20240206;101309;0.024535000;8600000;9541227770;B
20240206;101309;0.024535000;10000;9541227771;B
20240206;101309;0.024535000;700000;9541227772;B
20240206;101309;0.024535000;100000;9541227773;B
20240206;101309;0.024535000;20000;9541227774;B
20240206;101309;0.024535000;100000;9541227775;B
20240206;101309;0.024535000;10000;9541227776;B
20240206;101309;0.024535000;100000;9541227777;B
20240206;101309;0.024535000;100000;9541227778;B
20240206;101309;0.024535000;20000;9541227779;B
20240206;101309;0.024535000;120000;9541227780;B
20240206;101310;0.024540000;10000;9541227811;B
20240206;101310;0.024540000;40000;9541227869;B
20240206;101310;0.024540000;10000;9541227890;B
20240206;101310;0.024540000;50000;9541227916;B
20240206;101310;0.024535000;10000;9541227935;S
20240206;101311;0.024535000;100000;9541227938;S
20240206;101311;0.024535000;890000;9541227981;S
20240206;101311;0.024535000;610000;9541227982;S
20240206;101311;0.024540000;40000;9541228027;B
20240206;101311;0.024535000;210000;9541228077;S
20240206;101312;0.024535000;2790000;9541228127;S
20240206;101312;0.024535000;110000;9541228128;S
20240206;101312;0.024540000;10000;9541228265;B
20240206;101314;0.024540000;1340000;9541228391;B
20240206;101314;0.024540000;1090000;9541228392;B
20240206;101314;0.024540000;410000;9541228428;B
20240206;101314;0.024540000;1500000;9541228429;B
20240206;101314;0.024540000;1500000;9541228430;B
20240206;101314;0.024540000;1500000;9541228431;B
20240206;101314;0.024540000;1500000;9541228432;B
20240206;101314;0.024540000;1500000;9541228433;B
20240206;101314;0.024540000;1500000;9541228434;B
20240206;101314;0.024540000;1500000;9541228435;B
20240206;101314;0.024540000;1500000;9541228436;B
20240206;101314;0.024540000;1500000;9541228437;B
20240206;101314;0.024540000;1500000;9541228438;B
20240206;101314;0.024540000;1500000;9541228439;B
20240206;101314;0.024540000;1500000;9541228440;B
20240206;101314;0.024540000;1500000;9541228441;B
20240206;101314;0.024540000;1500000;9541228442;B
20240206;101314;0.024540000;1500000;9541228443;B
20240206;101314;0.024540000;1500000;9541228444;B
20240206;101314;0.024540000;1500000;9541228445;B
20240206;101314;0.024540000;1500000;9541228446;B
20240206;101314;0.024540000;1500000;9541228447;B
20240206;101314;0.024540000;1500000;9541228448;B
20240206;101314;0.024540000;1500000;9541228449;B
20240206;101314;0.024540000;1500000;9541228450;B
20240206;101314;0.024540000;1500000;9541228451;B
20240206;101314;0.024540000;1000000;9541228452;B
20240206;101314;0.024540000;100000;9541228453;B
20240206;101314;0.024540000;30000;9541228454;B
20240206;101314;0.024540000;1000000;9541228455;B
20240206;101314;0.024540000;10000;9541228456;B
20240206;101314;0.024540000;30000;9541228457;B
20240206;101314;0.024540000;60000;9541228458;B
20240206;101314;0.024540000;3650000;9541228459;B
20240206;101314;0.024540000;90000;9541228481;B
20240206;101316;0.024535000;20000;9541228844;S
20240206;101317;0.024540000;3000000;9541228896;B
20240206;101317;0.024540000;150000;9541228955;B
20240206;101317;0.024535000;1980000;9541228958;S
20240206;101317;0.024535000;20000;9541228959;S
20240206;101317;0.024540000;3110000;9541228984;B
20240206;101317;0.024540000;10000;9541228985;B
20240206;101317;0.024540000;2180000;9541228986;B
20240206;101319;0.024535000;200000;9541229242;S
20240206;101322;0.024535000;780000;9541229505;S
20240206;101322;0.024535000;50000;9541229506;S
20240206;101322;0.024535000;1670000;9541229507;S
20240206;101324;0.024540000;10000;9541229761;B
20240206;101324;0.024535000;210000;9541229809;S
20240206;101325;0.024535000;1120000;9541229910;S
20240206;101325;0.024535000;12270000;9541229911;S
20240206;101325;0.024535000;1610000;9541229912;S
20240206;101326;0.024535000;3000000;9541230633;B
20240206;101326;0.024535000;4090000;9541230634;B
20240206;101326;0.024535000;1000000;9541230635;B
20240206;101326;0.024535000;2910000;9541230636;B
20240206;101326;0.024535000;10000;9541230674;B
20240206;101327;0.024530000;50000;9541230737;S
20240206;101327;0.024530000;10000;9541230738;S
20240206;101328;0.024525000;10000;9541230938;B
20240206;101328;0.024525000;60000;9541230969;B
20240206;101330;0.024525000;10000;9541231179;B
20240206;101331;0.024520000;800000;9541231363;S
20240206;101331;0.024520000;390000;9541231364;S
20240206;101331;0.024520000;11830000;9541231402;S
20240206;101331;0.024515000;960000;9541231403;S
20240206;101331;0.024515000;5000000;9541231404;S
20240206;101331;0.024515000;470000;9541231405;S
20240206;101331;0.024515000;120000;9541231406;S
20240206;101331;0.024515000;6000000;9541231407;S
20240206;101331;0.024515000;40000;9541231408;S
20240206;101331;0.024515000;13300000;9541231409;S
20240206;101331;0.024515000;4280000;9541231410;S
20240206;101332;0.024510000;500000;9541231497;S
20240206;101332;0.024510000;1000000;9541231560;S
20240206;101333;0.024510000;2720000;9541231647;S
20240206;101334;0.024510000;210000;9541231857;S
20240206;101335;0.024515000;10000;9541232065;B
20240206;101335;0.024510000;3570000;9541232094;S
20240206;101335;0.024510000;6000000;9541232095;S
20240206;101335;0.024510000;12230000;9541232096;S
20240206;101335;0.024510000;3620000;9541232097;S
20240206;101335;0.024510000;3580000;9541232098;S
20240206;101336;0.024515000;50000;9541232229;B
20240206;101339;0.024505000;1000000;9541232660;S
20240206;101339;0.024505000;20000;9541232661;S
20240206;101339;0.024505000;6000000;9541232662;S
20240206;101339;0.024505000;10000;9541232663;S
20240206;101339;0.024505000;10000;9541232664;S
20240206;101339;0.024505000;10000;9541232665;S
20240206;101339;0.024505000;10000;9541232666;S
20240206;101339;0.024505000;10000;9541232667;S
20240206;101339;0.024505000;10000;9541232668;S
20240206;101339;0.024505000;50000;9541232669;S
20240206;101339;0.024500000;10000;9541232670;S
20240206;101339;0.024500000;500000;9541232671;S
20240206;101339;0.024500000;1000000;9541232672;S
20240206;101339;0.024500000;1000000;9541232673;S
20240206;101339;0.024500000;1000000;9541232674;S
20240206;101339;0.024500000;10000;9541232675;S
20240206;101339;0.024500000;100000;9541232676;S
20240206;101339;0.024500000;9250000;9541232677;S
20240206;101343;0.024500000;10000;9541233208;S
20240206;101343;0.024505000;20000;9541233237;B
20240206;101344;0.024505000;10000;9541233263;B
20240206;101344;0.024500000;10000;9541233372;S
20240206;101345;0.024500000;20000;9541233551;S
20240206;101346;0.024505000;990000;9541233604;B
20240206;101346;0.024505000;4010000;9541233605;B
20240206;101346;0.024500000;10000;9541233665;S
20240206;101347;0.024500000;700000;9541233817;S
20240206;101347;0.024500000;500000;9541233818;S
20240206;101347;0.024500000;100000;9541233819;S
20240206;101347;0.024500000;50000;9541233820;S
20240206;101347;0.024500000;200000;9541233821;S
20240206;101347;0.024500000;90000;9541233822;S
20240206;101347;0.024500000;3000000;9541233823;S
20240206;101347;0.024500000;10000;9541233824;S
20240206;101347;0.024500000;10000;9541233825;S
20240206;101347;0.024500000;2340000;9541233826;S
20240206;101348;0.024505000;1000000;9541233870;B
20240206;101348;0.024505000;12340000;9541233871;B
20240206;101348;0.024505000;4450000;9541233872;B
20240206;101348;0.024505000;2210000;9541233873;B
20240206;101348;0.024500000;3930000;9541233897;S
20240206;101348;0.024510000;10000;9541233955;B
20240206;101349;0.024510000;500000;9541234021;B
20240206;101350;0.024500000;20000;9541234050;S
20240206;101350;0.024500000;30000;9541234070;S
20240206;101351;0.024510000;20000;9541234163;B
20240206;101353;0.024510000;40000;9541234587;B
20240206;101353;0.024500000;10000;9541234616;S
20240206;101354;0.024510000;50000;9541234805;B
20240206;101357;0.024500000;2000000;9541235282;S
20240206;101358;0.024500000;90000;9541235288;S
20240206;101358;0.024500000;2730000;9541235328;S
20240206;101358;0.024510000;380000;9541235387;B
20240206;101358;0.024510000;10000;9541235388;B
20240206;101358;0.024510000;3000000;9541235389;B
20240206;101358;0.024510000;1610000;9541235390;B
20240206;101359;0.024510000;50000;9541235414;B
20240206;101359;0.024510000;950000;9541235518;B
20240206;101359;0.024510000;7210000;9541235519;B
20240206;101359;0.024510000;1000000;9541235588;B
20240206;101359;0.024515000;940000;9541235589;B
20240206;101359;0.024515000;4420000;9541235590;B
20240206;101359;0.024520000;1000000;9541235591;B
20240206;101359;0.024520000;4090000;9541235592;B
20240206;101359;0.024520000;6000000;9541235593;B
20240206;101359;0.024520000;550000;9541235594;B
20240206;101400;0.024505000;1000000;9541235629;S
20240206;101400;0.024505000;3000000;9541235630;S
20240206;101400;0.024505000;12270000;9541235631;S
20240206;101400;0.024500000;13850000;9541235632;S
20240206;101400;0.024500000;2000000;9541235633;S
20240206;101400;0.024500000;10000;9541235634;S
20240206;101400;0.024500000;10000;9541235635;S
20240206;101400;0.024500000;12230000;9541235636;S
20240206;101400;0.024500000;400000;9541235637;S
20240206;101400;0.024500000;5230000;9541235638;S
20240206;101400;0.024500000;60000;9541235649;S
20240206;101400;0.024510000;500000;9541235794;B
20240206;101401;0.024500000;100000;9541236040;S
20240206;101402;0.024505000;20000;9541236115;B
20240206;101403;0.024505000;10000;9541236364;B
20240206;101403;0.024505000;10000;9541236374;B
20240206;101403;0.024500000;10000;9541236414;S
20240206;101403;0.024500000;10000;9541236415;S
20240206;101404;0.024505000;10000;9541236568;B
20240206;101405;0.024505000;20000;9541236669;B
20240206;101405;0.024505000;70000;9541236682;B
20240206;101405;0.024505000;500000;9541236820;B
20240206;101406;0.024500000;30000;9541236919;S
20240206;101406;0.024500000;70000;9541236920;S
20240206;101406;0.024500000;230000;9541236959;S
20240206;101406;0.024495000;100000;9541236960;S
20240206;101406;0.024495000;2000000;9541236961;S
20240206;101406;0.024495000;2370000;9541236962;S
20240206;101406;0.024505000;10000;9541236979;B
20240206;101407;0.024505000;10000;9541237019;B
20240206;101407;0.024505000;200000;9541237129;B
20240206;101409;0.024505000;10000;9541237314;B
20240206;101411;0.024495000;500000;9541237466;S
20240206;101413;0.024500000;10000;9541237756;B
20240206;101414;0.024500000;20000;9541237819;B
20240206;101414;0.024500000;30000;9541237827;B
20240206;101414;0.024495000;20000;9541237890;S
20240206;101415;0.024495000;400000;9541238003;S
20240206;101416;0.024495000;100000;9541238022;S
20240206;101416;0.024500000;10000;9541238054;B
20240206;101416;0.024500000;20000;9541238069;B
20240206;101420;0.024500000;10000;9541238603;B
20240206;101420;0.024500000;690000;9541238673;B
20240206;101421;0.024495000;10000;9541238773;S
20240206;101422;0.024500000;10000000;9541238916;B
20240206;101425;0.024495000;30000;9541239353;S
20240206;101427;0.024500000;1700000;9541239480;B
20240206;101428;0.024505000;600000;9541239809;S
20240206;101431;0.024510000;1000000;9541240252;B
20240206;101431;0.024510000;1200000;9541240253;B
20240206;101432;0.024505000;1300000;9541240350;S
20240206;101432;0.024505000;570000;9541240363;S
20240206;101433;0.024505000;530000;9541240399;S
20240206;101433;0.024505000;1910000;9541240400;S
20240206;101433;0.024505000;500000;9541240499;S
20240206;101438;0.024495000;20000;9541241012;S
20240206;101440;0.024510000;10000;9541241304;B
20240206;101441;0.024510000;190000;9541241394;B
20240206;101441;0.024510000;500000;9541241395;B
20240206;101442;0.024510000;210000;9541241512;B
20240206;101445;0.024505000;20000;9541241856;S
20240206;101445;0.024500000;2970000;9541241857;S
20240206;101445;0.024500000;1010000;9541241858;S
20240206;101445;0.024510000;1000000;9541241928;B
20240206;101446;0.024510000;400000;9541241998;B
20240206;101452;0.024510000;200000;9541242766;B
20240206;101453;0.024510000;100000;9541242852;B
20240206;101453;0.024510000;10000;9541242881;B
20240206;101454;0.024510000;10000;9541243051;B
20240206;101457;0.024510000;260000;9541243384;B
20240206;101458;0.024505000;10000;9541243407;S
20240206;101458;0.024505000;20000;9541243408;S
20240206;101458;0.024505000;10000;9541243455;S
20240206;101458;0.024500000;100000;9541243456;S
20240206;101459;0.024510000;50000;9541243609;B
20240206;101500;0.024510000;970000;9541243704;B
20240206;101500;0.024510000;1070000;9541243705;B
20240206;101500;0.024510000;50000;9541243733;B
20240206;101500;0.024510000;200000;9541243734;B
20240206;101500;0.024510000;3750000;9541243735;B
20240206;101500;0.024510000;100000;9541243751;B
20240206;101500;0.024510000;920000;9541243752;B
20240206;101502;0.024505000;20000;9541244293;S
20240206;101503;0.024505000;10000;9541244374;S
20240206;101503;0.024515000;10000;9541244419;B
20240206;101503;0.024515000;30000;9541244420;B
20240206;101503;0.024505000;20000;9541244491;S
20240206;101503;0.024505000;10000;9541244492;S
20240206;101503;0.024515000;100000;9541244510;B
20240206;101504;0.024515000;20000;9541244687;B
20240206;101504;0.024510000;10000;9541244691;S
20240206;101505;0.024505000;20000;9541244934;S
20240206;101505;0.024515000;530000;9541245008;B
20240206;101505;0.024515000;630000;9541245009;B
20240206;101505;0.024515000;3690000;9541245011;B
20240206;101505;0.024515000;310000;9541245012;B
20240206;101505;0.024520000;860000;9541245013;B
20240206;101505;0.024520000;400000;9541245014;B
20240206;101505;0.024510000;1000000;9541245054;S
20240206;101505;0.024505000;1000000;9541245055;S
20240206;101506;0.024510000;10000;9541245316;S
20240206;101506;0.024505000;10000;9541245317;S
20240206;101508;0.024505000;10000;9541245594;S
20240206;101508;0.024505000;20000;9541245627;S
20240206;101508;0.024505000;10000;9541245649;S
20240206;101508;0.024515000;3000000;9541245663;B
20240206;101508;0.024515000;1000000;9541245664;B
20240206;101508;0.024515000;2730000;9541245665;B
20240206;101509;0.024505000;960000;9541245748;S
20240206;101509;0.024505000;10000;9541245749;S
20240206;101509;0.024505000;730000;9541245750;S
20240206;101510;0.024510000;610000;9541245920;B
20240206;101510;0.024505000;10000;9541245980;S
20240206;101511;0.024510000;10000;9541246184;B
20240206;101511;0.024510000;1000000;9541246208;B
20240206;101511;0.024505000;10000;9541246220;S
20240206;101512;0.024505000;1260000;9541246297;S
20240206;101512;0.024505000;10000;9541246322;S
20240206;101513;0.024510000;1380000;9541246442;B
20240206;101513;0.024510000;860000;9541246443;B
20240206;101513;0.024510000;4000000;9541246444;B
20240206;101513;0.024505000;2980000;9541246501;S
20240206;101513;0.024505000;1000000;9541246502;S
20240206;101513;0.024505000;2550000;9541246503;S
20240206;101513;0.024500000;7760000;9541246504;S
20240206;101514;0.024500000;10000;9541246600;S
20240206;101514;0.024500000;10000;9541246628;S
20240206;101515;0.024510000;20000;9541246970;B
20240206;101517;0.024505000;500000;9541247301;S
20240206;101517;0.024505000;150000;9541247302;S
20240206;101518;0.024505000;1850000;9541247395;B
20240206;101518;0.024505000;2150000;9541247396;B
20240206;101518;0.024510000;1540000;9541247419;B
20240206;101519;0.024500000;10000;9541247520;S
20240206;101519;0.024510000;800000;9541247574;B
20240206;101520;0.024500000;20000;9541247768;S
20240206;101520;0.024500000;10000;9541247771;S
20240206;101520;0.024500000;940000;9541247819;S
20240206;101520;0.024500000;6900000;9541247820;S
20240206;101520;0.024500000;1000000;9541247821;S
20240206;101520;0.024500000;1160000;9541247822;S
20240206;101521;0.024500000;10000;9541247868;S
20240206;101522;0.024510000;80000;9541248117;B
20240206;101523;0.024500000;10000;9541248156;S
20240206;101524;0.024510000;40000;9541248401;B
20240206;101524;0.024510000;10000;9541248427;B
20240206;101524;0.024500000;10000;9541248446;S
20240206;101524;0.024500000;10000;9541248448;S
20240206;101524;0.024510000;20000;9541248520;B
20240206;101525;0.024505000;10000;9541248667;S
20240206;101525;0.024505000;10000;9541248751;S
20240206;101526;0.024505000;10000;9541248849;S
20240206;101527;0.024505000;10000;9541248923;S
20240206;101527;0.024500000;10000;9541248926;S
20240206;101527;0.024505000;10000;9541249011;S
20240206;101528;0.024510000;10000;9541249078;B
20240206;101528;0.024510000;10000;9541249156;B
20240206;101528;0.024510000;50000;9541249195;B
20240206;101528;0.024500000;50000;9541249208;S
20240206;101529;0.024510000;60000;9541249277;B
20240206;101529;0.024510000;10000;9541249284;B
20240206;101530;0.024500000;10000;9541249381;S
20240206;101530;0.024500000;10000;9541249472;S
20240206;101531;0.024510000;10000;9541249550;B
20240206;101532;0.024500000;10000;9541249677;S
20240206;101532;0.024500000;10000;9541249687;S
20240206;101532;0.024500000;10000;9541249705;S
20240206;101532;0.024510000;10000;9541249721;B
20240206;101532;0.024510000;70000;9541249773;B
20240206;101532;0.024510000;430000;9541249774;B
20240206;101532;0.024510000;370000;9541249776;B
20240206;101532;0.024510000;40000;9541249797;B
20240206;101533;0.024510000;1670000;9541250039;B
20240206;101534;0.024500000;10000;9541250061;S
20240206;101534;0.024500000;10000;9541250113;S
20240206;101534;0.024500000;10000;9541250118;S
20240206;101535;0.024500000;10000;9541250346;S
20240206;101535;0.024500000;10000;9541250348;S
20240206;101535;0.024500000;10000;9541250371;S
20240206;101536;0.024500000;20000;9541250537;S
20240206;101537;0.024500000;10000;9541250554;S
20240206;101537;0.024500000;10000;9541250590;S
20240206;101538;0.024505000;190000;9541250710;B
20240206;101538;0.024505000;4810000;9541250711;B
20240206;101540;0.024505000;30000;9541251155;B
20240206;101540;0.024505000;500000;9541251195;B
20240206;101540;0.024500000;20000;9541251217;S
20240206;101540;0.024505000;20000;9541251286;B
20240206;101541;0.024500000;10000;9541251295;S
20240206;101541;0.024505000;500000;9541251356;B
20240206;101541;0.024500000;10000;9541251367;S
20240206;101543;0.024500000;10000;9541251621;S
20240206;101543;0.024500000;10000;9541251667;S
20240206;101543;0.024500000;10000;9541251682;S
20240206;101544;0.024505000;1950000;9541251811;B
20240206;101544;0.024505000;1950000;9541251812;B
20240206;101544;0.024505000;10000;9541251910;B
20240206;101544;0.024500000;10000;9541251928;S
20240206;101545;0.024500000;140000;9541251963;S
20240206;101545;0.024500000;100000;9541251964;S
20240206;101545;0.024495000;2550000;9541251965;S
20240206;101545;0.024495000;20000;9541251966;S
20240206;101545;0.024495000;20000;9541252033;S
20240206;101547;0.024495000;20000;9541252278;S
20240206;101547;0.024505000;50000;9541252381;B
20240206;101548;0.024495000;120000;9541252455;S
20240206;101548;0.024505000;10000;9541252496;B
20240206;101550;0.024500000;10000;9541252796;S
20240206;101550;0.024495000;10000;9541252797;S
20240206;101550;0.024505000;10000;9541252802;B
20240206;101551;0.024495000;10000;9541252974;S
20240206;101551;0.024505000;160000;9541253039;B
20240206;101552;0.024505000;20000;9541253162;B
20240206;101552;0.024495000;10000;9541253257;S
20240206;101553;0.024500000;60000;9541253362;B
20240206;101553;0.024495000;10000;9541253373;S
20240206;101553;0.024500000;1940000;9541253450;B
20240206;101553;0.024500000;3000000;9541253451;B
20240206;101553;0.024500000;3460000;9541253452;B
20240206;101554;0.024495000;10000;9541253519;S
20240206;101554;0.024505000;50000;9541253562;B
20240206;101554;0.024505000;10000;9541253581;B
20240206;101554;0.024495000;10000;9541253647;S
20240206;101555;0.024505000;10000;9541253693;B
20240206;101555;0.024495000;10000;9541253719;S
20240206;101555;0.024505000;10000;9541253724;B
20240206;101557;0.024495000;40000;9541254032;S
20240206;101557;0.024495000;40000;9541254077;S
20240206;101557;0.024505000;10000;9541254078;B
20240206;101558;0.024495000;10000;9541254247;S
20240206;101558;0.024505000;3070000;9541254258;B
20240206;101559;0.024505000;40000;9541254294;B
20240206;101600;0.024505000;10000;9541254476;B
20240206;101601;0.024495000;10000;9541254667;S
20240206;101601;0.024505000;190000;9541254709;B
20240206;101601;0.024505000;100000;9541254732;B
20240206;101603;0.024500000;10000;9541255102;S
20240206;101603;0.024495000;10000;9541255103;S
20240206;101604;0.024505000;900000;9541255270;B
20240206;101606;0.024500000;10000;9541255445;S
20240206;101606;0.024505000;10000;9541255482;B
20240206;101608;0.024500000;10000;9541255782;S
20240206;101608;0.024505000;280000;9541255816;B
20240206;101608;0.024500000;10000;9541255888;S
20240206;101609;0.024505000;50000;9541255899;B
20240206;101609;0.024505000;800000;9541255900;B
20240206;101609;0.024505000;10000;9541255998;B
20240206;101609;0.024505000;10000;9541256022;B
20240206;101610;0.024505000;150000;9541256130;B
20240206;101610;0.024495000;10000;9541256137;S
20240206;101610;0.024505000;100000;9541256177;B
20240206;101610;0.024500000;20000;9541256197;S
20240206;101611;0.024505000;20000;9541256357;B
20240206;101612;0.024500000;400000;9541256577;S
20240206;101613;0.024505000;10000;9541256618;B
20240206;101613;0.024505000;130000;9541256624;B
20240206;101613;0.024505000;10000;9541256626;B
20240206;101613;0.024505000;30000;9541256640;B
20240206;101613;0.024500000;10000;9541256708;S
20240206;101614;0.024500000;10000;9541256829;S
20240206;101614;0.024500000;10000;9541256893;S
20240206;101615;0.024500000;510000;9541256906;S
20240206;101616;0.024500000;10000;9541257129;S
20240206;101616;0.024500000;10000;9541257150;S
20240206;101618;0.024505000;40000;9541257464;B
20240206;101619;0.024505000;500000;9541257633;B
20240206;101619;0.024500000;10000;9541257656;S
20240206;101620;0.024505000;20000;9541257685;B
20240206;101621;0.024505000;60000;9541257898;B
20240206;101623;0.024505000;10000;9541258126;B
20240206;101623;0.024505000;170000;9541258194;B
20240206;101625;0.024495000;80000;9541258348;S
20240206;101625;0.024495000;100000;9541258349;S
20240206;101625;0.024495000;4730000;9541258350;S
20240206;101625;0.024495000;160000;9541258351;S
20240206;101625;0.024495000;2000000;9541258352;S
20240206;101625;0.024495000;50000;9541258353;S
20240206;101625;0.024495000;11130000;9541258354;S
20240206;101625;0.024495000;1000000;9541258355;S
20240206;101625;0.024495000;50000;9541258356;S
20240206;101625;0.024495000;10000;9541258357;S
20240206;101625;0.024490000;70690000;9541258358;S
20240206;101626;0.024500000;200000;9541258514;B
20240206;101626;0.024495000;1000000;9541258515;S
20240206;101626;0.024490000;1040000;9541258516;S
20240206;101626;0.024495000;1000000;9541258565;S
20240206;101626;0.024490000;15660000;9541258566;S
20240206;101626;0.024500000;40000;9541258621;B
20240206;101627;0.024490000;50000000;9541258683;S
20240206;101627;0.024490000;4060000;9541258811;S
20240206;101628;0.024490000;10000;9541259070;S
20240206;101631;0.024495000;40000;9541259585;B
20240206;101631;0.024495000;300000;9541259622;B
20240206;101631;0.024495000;1660000;9541259623;B
20240206;101631;0.024495000;2340000;9541259624;B
20240206;101633;0.024490000;10000000;9541259870;S
20240206;101634;0.024495000;10000;9541260013;B
20240206;101634;0.024495000;10000;9541260068;B
20240206;101636;0.024495000;10000;9541260329;B
20240206;101636;0.024495000;100000;9541260455;B
20240206;101640;0.024490000;100000;9541261028;S
20240206;101642;0.024495000;40000;9541261353;B
20240206;101642;0.024495000;10000;9541261410;B
20240206;101644;0.024490000;80000000;9541261635;S
20240206;101644;0.024495000;10000;9541261662;B
20240206;101644;0.024495000;20000;9541261687;B
20240206;101644;0.024490000;2630000;9541261701;S
20240206;101645;0.024490000;20520000;9541261912;S
20240206;101645;0.024490000;50000;9541261913;S
20240206;101645;0.024490000;150000;9541261914;S
20240206;101645;0.024490000;2500000;9541261915;S
20240206;101645;0.024490000;2000000;9541261916;S
20240206;101645;0.024490000;2000000;9541261917;S
20240206;101645;0.024490000;2000000;9541261918;S
20240206;101645;0.024490000;1000000;9541261919;S
20240206;101645;0.024490000;30000;9541261920;S
20240206;101645;0.024490000;50000;9541261921;S
20240206;101645;0.024485000;780000;9541261922;S
20240206;101645;0.024485000;6000000;9541261923;S
20240206;101645;0.024485000;5630000;9541261924;S
20240206;101645;0.024485000;1000000;9541261925;S
20240206;101645;0.024485000;10000;9541261926;S
20240206;101645;0.024485000;10000;9541261927;S
20240206;101645;0.024485000;10000;9541261928;S
20240206;101645;0.024485000;3230000;9541261929;S
20240206;101645;0.024480000;20000;9541261930;S
20240206;101645;0.024480000;120000;9541261931;S
20240206;101645;0.024480000;6000000;9541261932;S
20240206;101645;0.024480000;5630000;9541261933;S
20240206;101645;0.024480000;1000000;9541261934;S
20240206;101645;0.024480000;2500000;9541261935;S
20240206;101645;0.024480000;100000;9541261936;S
20240206;101645;0.024480000;9690000;9541261937;S
20240206;101645;0.024480000;1470000;9541261938;S
20240206;101645;0.024480000;100000;9541261939;S
20240206;101645;0.024480000;20000;9541261940;S
20240206;101645;0.024480000;100000;9541261941;S
20240206;101645;0.024475000;6000000;9541261942;S
20240206;101645;0.024475000;10000;9541261943;S
20240206;101645;0.024475000;5630000;9541261944;S
20240206;101645;0.024475000;20000;9541261945;S
20240206;101645;0.024475000;1000000;9541261946;S
20240206;101645;0.024475000;160000;9541261947;S
20240206;101645;0.024475000;12240000;9541261948;S
20240206;101645;0.024475000;30680000;9541261949;S
20240206;101645;0.024470000;500000;9541261950;S
20240206;101645;0.024470000;100000;9541261951;S
20240206;101645;0.024470000;6000000;9541261952;S
20240206;101645;0.024470000;5630000;9541261953;S
20240206;101645;0.024470000;10000;9541261954;S
20240206;101645;0.024470000;2000000;9541261955;S
20240206;101645;0.024470000;800000;9541261956;S
20240206;101645;0.024470000;30000;9541261957;S
20240206;101645;0.024470000;1000000;9541261958;S
20240206;101645;0.024470000;45450000;9541261959;S
20240206;101645;0.024470000;4020000;9541261960;S
20240206;101646;0.024475000;100000;9541261970;S
20240206;101647;0.024475000;1080000;9541262106;S
20240206;101649;0.024480000;3530000;9541262480;B
