<DATE>;<TIME>;<LAST>;<VOL>;<ID>;<OPER>
20240119;095958;0.024565000;20000;9445290466;S
20240119;095958;0.024565000;80000;9445290467;B
20240119;095958;0.024565000;10000;9445290468;B
20240119;095958;0.024565000;100000;9445290469;B
20240119;095958;0.024565000;400000;9445290470;B
20240119;095958;0.024565000;40000;9445290471;B
20240119;095958;0.024565000;90000;9445290472;B
20240119;095958;0.024565000;30000;9445290473;B
20240119;095958;0.024565000;10000;9445290474;B
20240119;095958;0.024565000;20000;9445290475;B
20240119;095958;0.024565000;300000;9445290476;B
20240119;095958;0.024565000;40000;9445290477;B
20240119;095958;0.024565000;10000;9445290478;B
20240119;095958;0.024565000;10000;9445290479;B
20240119;095958;0.024565000;10000;9445290480;B
20240119;095958;0.024565000;20000;9445290481;B
20240119;095958;0.024565000;50000;9445290482;B
20240119;095958;0.024565000;40000;9445290483;B
20240119;095958;0.024565000;340000;9445290484;B
20240119;095958;0.024565000;3000000;9445290485;B
20240119;095958;0.024565000;100000;9445290486;B
20240119;095958;0.024565000;990000;9445290487;B
20240119;095958;0.024565000;40000;9445290488;B
20240119;095958;0.024565000;50000;9445290489;S
20240119;095958;0.024565000;60000;9445290490;S
20240119;095958;0.024565000;100000;9445290491;S
20240119;095958;0.024565000;20000;9445290492;S
20240119;095958;0.024565000;60000;9445290493;S
20240119;095958;0.024565000;10000;9445290494;S
20240119;095958;0.024565000;600000;9445290495;S
20240119;095958;0.024565000;4000000;9445290496;S
20240119;095958;0.024565000;1000000;9445290497;B
20240119;095958;0.024565000;130000;9445290498;B
20240119;095958;0.024565000;250000;9445290499;S
20240119;095958;0.024565000;4070000;9445290500;S
20240119;095958;0.024565000;5630000;9445290501;B
20240119;095958;0.024565000;10000;9445290502;B
20240119;095958;0.024565000;590000;9445290503;B
20240119;095958;0.024565000;10000;9445290504;B
20240119;095958;0.024565000;1730000;9445290505;B
20240119;095958;0.024565000;10000;9445290506;B
20240119;095958;0.024565000;20000;9445290507;B
20240119;095958;0.024565000;20000;9445290508;B
20240119;095958;0.024565000;90000;9445290509;B
20240119;095958;0.024565000;50000;9445290510;B
20240119;095958;0.024565000;70000;9445290511;B
20240119;095958;0.024565000;10000;9445290512;B
20240119;095958;0.024565000;10000;9445290513;B
20240119;095958;0.024565000;80000;9445290514;B
20240119;095958;0.024565000;40000;9445290515;B
20240119;095958;0.024565000;150000;9445290516;B
20240119;095958;0.024565000;20000;9445290517;B
20240119;095958;0.024565000;210000;9445290518;B
20240119;095958;0.024565000;10000;9445290519;B
20240119;095958;0.024565000;30000;9445290520;B
20240119;095958;0.024565000;1370000;9445290521;B
20240119;095958;0.024565000;10000;9445290522;B
20240119;095958;0.024565000;10000;9445290523;B
20240119;095958;0.024565000;10000;9445290524;B
20240119;095958;0.024565000;50000;9445290525;B
20240119;095958;0.024565000;450000;9445290526;B
20240119;095958;0.024565000;150000;9445290527;B
20240119;095958;0.024565000;270000;9445290528;B
20240119;095958;0.024565000;20000;9445290529;B
20240119;095958;0.024565000;50000;9445290530;B
20240119;095958;0.024565000;10000;9445290531;S
20240119;095958;0.024565000;10000;9445290532;S
20240119;095958;0.024565000;60000;9445290533;B
20240119;095958;0.024565000;1480000;9445290534;S
20240119;095958;0.024565000;20000;9445290535;S
20240119;095958;0.024565000;600000;9445290536;S
20240119;095958;0.024565000;330000;9445290537;S
20240119;095958;0.024565000;170000;9445290538;S
20240119;095958;0.024565000;800000;9445290539;B
20240119;095958;0.024565000;660000;9445290540;B
20240119;095958;0.024565000;20000;9445290541;B
20240119;095958;0.024565000;20000;9445290542;B
20240119;095958;0.024565000;2000000;9445290543;B
20240119;095958;0.024565000;10000;9445290544;B
20240119;095958;0.024565000;3000000;9445290545;S
20240119;095958;0.024565000;40000;9445290546;B
20240119;095958;0.024565000;730000;9445290547;B
20240119;095958;0.024565000;10000;9445290548;S
20240119;095958;0.024565000;10000;9445290549;B
20240119;095958;0.024565000;10000;9445290550;B
20240119;095958;0.024565000;100000;9445290551;S
20240119;095958;0.024565000;100000;9445290552;B
20240119;100000;0.024570000;10000;9445290926;B
20240119;100000;0.024570000;1000000;9445290927;B
20240119;100000;0.024570000;10000;9445290928;B
20240119;100000;0.024575000;500000;9445290929;B
20240119;100000;0.024575000;700000;9445290930;B
20240119;100000;0.024575000;1200000;9445290931;B
20240119;100000;0.024575000;1000000;9445290932;B
20240119;100000;0.024575000;250000;9445290933;B
20240119;100000;0.024580000;10000;9445291217;B
20240119;100001;0.024580000;10000;9445291515;B
20240119;100001;0.024575000;330000;9445291565;S
20240119;100001;0.024575000;100000;9445291566;S
20240119;100001;0.024575000;800000;9445291567;S
20240119;100001;0.024575000;4300000;9445291568;S
20240119;100001;0.024575000;300000;9445291569;S
20240119;100001;0.024575000;100000;9445291570;S
20240119;100001;0.024575000;70000;9445291571;S
20240119;100001;0.024575000;30000;9445291572;S
20240119;100001;0.024575000;600000;9445291573;S
20240119;100001;0.024575000;100000;9445291574;S
20240119;100001;0.024575000;100000;9445291575;S
20240119;100001;0.024575000;500000;9445291576;S
20240119;100001;0.024575000;200000;9445291577;S
20240119;100001;0.024575000;1000000;9445291578;S
20240119;100001;0.024575000;1800000;9445291579;S
20240119;100001;0.024575000;1670000;9445291580;S
20240119;100001;0.024575000;3330000;9445291581;S
20240119;100001;0.024575000;2670000;9445291582;S
20240119;100001;0.024580000;1200000;9445291652;B
20240119;100001;0.024575000;200000;9445291722;S
20240119;100002;0.024575000;2130000;9445291824;S
20240119;100002;0.024575000;4200000;9445291825;S
20240119;100002;0.024575000;100000;9445291826;S
20240119;100002;0.024575000;700000;9445291827;S
20240119;100002;0.024575000;4300000;9445291828;S
20240119;100002;0.024575000;700000;9445291829;S
20240119;100002;0.024575000;1130000;9445291830;S
20240119;100002;0.024575000;3630000;9445291831;S
20240119;100002;0.024575000;100000;9445291861;S
20240119;100002;0.024580000;7660000;9445291877;B
20240119;100002;0.024580000;30000;9445291878;B
20240119;100002;0.024585000;12240000;9445291879;B
20240119;100002;0.024585000;890000;9445291880;B
20240119;100002;0.024585000;10000;9445291881;B
20240119;100002;0.024590000;700000;9445291882;B
20240119;100002;0.024590000;1000000;9445291883;B
20240119;100002;0.024590000;2000000;9445291884;B
20240119;100002;0.024590000;3700000;9445291885;B
20240119;100002;0.024590000;9990000;9445291886;B
20240119;100002;0.024590000;10200000;9445291887;B
20240119;100002;0.024595000;9990000;9445291888;B
20240119;100002;0.024595000;6000000;9445291889;B
20240119;100002;0.024595000;28590000;9445291890;B
20240119;100002;0.024585000;70000;9445291907;B
20240119;100002;0.024585000;2000000;9445291923;B
20240119;100002;0.024585000;4400000;9445291925;B
20240119;100002;0.024585000;100000;9445291927;B
20240119;100002;0.024585000;10000;9445292050;S
20240119;100002;0.024585000;200000;9445292119;S
20240119;100003;0.024585000;30000;9445292323;S
20240119;100003;0.024590000;90000;9445292324;B
20240119;100003;0.024585000;200000;9445292337;S
20240119;100003;0.024585000;10000;9445292615;S
20240119;100003;0.024590000;4500000;9445292644;B
20240119;100004;0.024585000;50000;9445292901;S
20240119;100004;0.024585000;600000;9445292902;S
20240119;100004;0.024585000;100000;9445292903;S
20240119;100004;0.024585000;200000;9445292904;S
20240119;100004;0.024585000;200000;9445292905;S
20240119;100004;0.024585000;300000;9445292906;S
20240119;100004;0.024585000;100000;9445292907;S
20240119;100004;0.024590000;10000;9445292908;B
20240119;100004;0.024585000;200000;9445293056;S
20240119;100004;0.024585000;50000;9445293199;S
20240119;100004;0.024585000;750000;9445293276;S
20240119;100004;0.024585000;100000;9445293277;S
20240119;100004;0.024585000;1150000;9445293278;S
20240119;100004;0.024585000;10000;9445293340;S
20240119;100004;0.024585000;10000;9445293343;S
20240119;100004;0.024585000;40000;9445293344;S
20240119;100004;0.024590000;10000;9445293351;B
20240119;100004;0.024585000;20000;9445293371;S
20240119;100004;0.024590000;10000;9445293374;B
20240119;100004;0.024585000;20000;9445293377;S
20240119;100005;0.024590000;10000;9445293586;B
20240119;100005;0.024590000;20000;9445293752;B
20240119;100005;0.024590000;20000;9445293756;B
20240119;100005;0.024585000;70000;9445293758;S
20240119;100005;0.024590000;10000;9445293760;B
20240119;100005;0.024590000;10000;9445293908;B
20240119;100005;0.024585000;40000;9445293913;S
20240119;100005;0.024585000;1640000;9445293915;S
20240119;100005;0.024585000;200000;9445293916;S
20240119;100005;0.024585000;100000;9445293917;S
20240119;100005;0.024585000;200000;9445293918;S
20240119;100005;0.024585000;100000;9445293919;S
20240119;100005;0.024585000;500000;9445293920;S
20240119;100005;0.024585000;200000;9445293921;S
20240119;100005;0.024585000;320000;9445293922;S
20240119;100005;0.024590000;10000;9445294056;B
20240119;100005;0.024590000;50000;9445294058;B
20240119;100005;0.024585000;110000;9445294104;S
20240119;100005;0.024585000;10000;9445294105;S
20240119;100005;0.024590000;10000;9445294479;B
20240119;100005;0.024590000;10000;9445294487;B
20240119;100005;0.024590000;10000;9445294492;B
20240119;100005;0.024590000;50000;9445294495;B
20240119;100005;0.024590000;10000;9445294502;B
20240119;100005;0.024585000;60000;9445294528;S
20240119;100005;0.024585000;370000;9445294529;S
20240119;100005;0.024590000;10000;9445294530;B
20240119;100005;0.024590000;10000;9445294659;B
20240119;100005;0.024590000;10000;9445294705;B
20240119;100005;0.024585000;30000;9445294720;S
20240119;100005;0.024585000;200000;9445294721;S
20240119;100005;0.024585000;500000;9445294722;S
20240119;100005;0.024570000;100000;9445294723;S
20240119;100005;0.024565000;20000;9445294724;S
20240119;100005;0.024560000;250000;9445294725;S
20240119;100005;0.024590000;100000;9445294938;B
20240119;100005;0.024560000;50000;9445294940;S
20240119;100005;0.024560000;80000;9445294941;S
20240119;100005;0.024590000;100000;9445295193;B
20240119;100005;0.024590000;10000;9445295223;B
20240119;100005;0.024560000;10000;9445295224;S
20240119;100005;0.024560000;60000;9445295237;S
20240119;100005;0.024560000;20000;9445295238;S
20240119;100005;0.024590000;10000;9445295271;B
20240119;100005;0.024560000;10000;9445295272;S
20240119;100005;0.024590000;10000;9445295273;B
20240119;100005;0.024560000;80000;9445295274;S
20240119;100005;0.024590000;10000;9445295275;B
20240119;100005;0.024560000;200000;9445295296;S
20240119;100006;0.024590000;40000;9445295467;B
20240119;100006;0.024560000;10000;9445295468;S
20240119;100006;0.024560000;200000;9445295486;S
20240119;100006;0.024590000;6000000;9445295602;B
20240119;100006;0.024580000;10000;9445295662;S
20240119;100006;0.024575000;10000;9445295973;B
20240119;100006;0.024575000;10000;9445295975;B
20240119;100006;0.024575000;10000;9445295976;B
20240119;100006;0.024575000;10000;9445296009;B
20240119;100006;0.024575000;10000;9445296044;B
20240119;100006;0.024570000;40000;9445296207;S
20240119;100006;0.024575000;30000;9445296208;B
20240119;100006;0.024575000;10000;9445296209;B
20240119;100006;0.024575000;10000;9445296219;B
20240119;100006;0.024575000;20000;9445296220;B
20240119;100006;0.024570000;50000;9445296229;S
20240119;100007;0.024570000;200000;9445296286;S
20240119;100007;0.024570000;200000;9445296373;S
20240119;100007;0.024570000;200000;9445296381;S
20240119;100007;0.024570000;1250000;9445296415;S
20240119;100007;0.024570000;20000;9445296597;S
20240119;100007;0.024570000;200000;9445296711;S
20240119;100007;0.024575000;980000;9445296757;B
20240119;100008;0.024585000;200000;9445297036;S
20240119;100008;0.024585000;200000;9445297113;S
20240119;100009;0.024585000;200000;9445297383;S
20240119;100010;0.024590000;10000;9445297657;B
20240119;100010;0.024590000;140000;9445297658;B
20240119;100010;0.024585000;240000;9445297719;S
20240119;100010;0.024585000;10000;9445297957;S
20240119;100010;0.024585000;200000;9445297969;S
20240119;100010;0.024585000;200000;9445297984;S
20240119;100010;0.024590000;360000;9445298006;B
20240119;100010;0.024590000;1940000;9445298007;B
20240119;100010;0.024585000;200000;9445298018;S
20240119;100010;0.024585000;200000;9445298034;S
20240119;100011;0.024585000;3350000;9445298190;S
20240119;100011;0.024585000;20000;9445298191;S
20240119;100011;0.024580000;200000;9445298206;S
20240119;100011;0.024580000;200000;9445298331;S
20240119;100012;0.024580000;200000;9445298542;S
20240119;100013;0.024585000;1630000;9445298676;B
20240119;100013;0.024585000;500000;9445298677;B
20240119;100013;0.024590000;10300000;9445298678;B
20240119;100013;0.024590000;12150000;9445298679;B
20240119;100013;0.024590000;200000;9445298680;B
20240119;100013;0.024595000;34220000;9445298681;B
20240119;100013;0.024590000;5000000;9445298682;B
20240119;100013;0.024590000;10000;9445298722;B
20240119;100014;0.024590000;5000000;9445298843;B
20240119;100015;0.024585000;200000;9445299110;S
20240119;100015;0.024585000;2640000;9445299305;S
20240119;100015;0.024585000;500000;9445299306;S
20240119;100015;0.024580000;3420000;9445299307;S
20240119;100015;0.024560000;19430000;9445299308;S
20240119;100015;0.024560000;200000;9445299309;S
20240119;100015;0.024560000;4000000;9445299310;S
20240119;100015;0.024555000;4040000;9445299311;S
20240119;100015;0.024555000;100000;9445299312;S
20240119;100015;0.024555000;10000;9445299313;S
20240119;100015;0.024555000;660000;9445299314;S
20240119;100016;0.024555000;200000;9445299351;S
20240119;100016;0.024555000;200000;9445299552;S
20240119;100017;0.024555000;19800000;9445299870;S
20240119;100017;0.024555000;50000;9445299871;S
20240119;100017;0.024550000;20000000;9445299872;S
20240119;100017;0.024550000;900000;9445299873;S
20240119;100017;0.024550000;30000;9445299874;S
20240119;100017;0.024545000;650000;9445299875;S
20240119;100017;0.024545000;50000000;9445299876;S
20240119;100017;0.024545000;6270000;9445299877;S
20240119;100018;0.024555000;2000000;9445300202;S
20240119;100019;0.024575000;30000;9445300487;B
20240119;100019;0.024575000;10000;9445300507;B
20240119;100020;0.024555000;5000000;9445300689;S
20240119;100021;0.024575000;960000;9445300915;B
20240119;100021;0.024575000;20000;9445300916;B
20240119;100021;0.024575000;1500000;9445300917;B
20240119;100021;0.024580000;2520000;9445300918;B
20240119;100022;0.024570000;2000000;9445301021;S
20240119;100022;0.024555000;400000;9445301022;S
20240119;100024;0.024555000;500000;9445301421;S
20240119;100025;0.024575000;290000;9445301504;B
20240119;100028;0.024560000;610000;9445302300;S
20240119;100029;0.024575000;1610000;9445302585;B
20240119;100031;0.024580000;70000;9445302989;B
20240119;100031;0.024575000;20000;9445302990;S
20240119;100031;0.024575000;5000000;9445303021;S
20240119;100035;0.024575000;10000;9445303896;S
20240119;100036;0.024580000;10000;9445303973;B
20240119;100038;0.024580000;120000;9445304247;B
20240119;100038;0.024580000;4880000;9445304248;B
20240119;100038;0.024580000;5000000;9445304249;B
20240119;100038;0.024580000;3000000;9445304251;B
20240119;100039;0.024580000;100000;9445304403;B
20240119;100040;0.024575000;2470000;9445304501;S
20240119;100040;0.024575000;10000;9445304508;S
20240119;100041;0.024580000;100000;9445304621;B
20240119;100042;0.024575000;880000;9445304793;S
20240119;100042;0.024575000;5000000;9445304794;S
20240119;100042;0.024575000;500000;9445304795;S
20240119;100042;0.024560000;480000;9445304796;S
20240119;100042;0.024580000;9040000;9445304825;B
20240119;100042;0.024580000;2210000;9445304826;B
20240119;100042;0.024565000;500000;9445304838;B
20240119;100044;0.024580000;20000;9445305089;B
20240119;100044;0.024580000;20000;9445305159;B
20240119;100044;0.024575000;3900000;9445305321;S
20240119;100045;0.024575000;500000;9445305369;S
20240119;100048;0.024580000;110000;9445305929;B
20240119;100048;0.024575000;10000;9445306130;S
20240119;100049;0.024580000;2300000;9445306166;B
20240119;100049;0.024575000;40000;9445306185;S
20240119;100051;0.024575000;1500000;9445306592;S
20240119;100051;0.024575000;11250000;9445306729;S
20240119;100053;0.024580000;30000;9445307002;B
20240119;100054;0.024580000;9760000;9445307013;B
20240119;100054;0.024580000;240000;9445307014;B
20240119;100054;0.024580000;270000;9445307216;B
20240119;100054;0.024575000;1200000;9445307247;S
20240119;100054;0.024575000;1000000;9445307256;S
20240119;100054;0.024575000;1200000;9445307296;S
20240119;100055;0.024580000;490000;9445307318;B
20240119;100055;0.024580000;630000;9445307319;B
20240119;100055;0.024575000;29400000;9445307489;S
20240119;100055;0.024575000;500000;9445307490;S
20240119;100055;0.024575000;800000;9445307491;S
20240119;100055;0.024570000;4500000;9445307492;S
20240119;100055;0.024570000;5000000;9445307493;S
20240119;100055;0.024570000;5000000;9445307494;S
20240119;100055;0.024570000;200000;9445307495;S
20240119;100055;0.024570000;500000;9445307496;S
20240119;100055;0.024570000;4400000;9445307497;S
20240119;100056;0.024570000;40000;9445307743;S
20240119;100056;0.024580000;2000000;9445307771;B
20240119;100056;0.024580000;10000;9445307835;B
20240119;100057;0.024580000;2000000;9445307964;B
20240119;100058;0.024580000;1800000;9445308000;B
20240119;100059;0.024580000;40000;9445308358;B
20240119;100100;0.024580000;250000;9445308447;B
20240119;100102;0.024570000;560000;9445308925;S
20240119;100102;0.024570000;200000;9445308926;S
20240119;100102;0.024570000;500000;9445308927;S
20240119;100102;0.024560000;1240000;9445308928;S
20240119;100102;0.024555000;8750000;9445308929;S
20240119;100103;0.024575000;190000;9445309008;B
20240119;100104;0.024560000;10000;9445309122;B
20240119;100104;0.024560000;30000;9445309173;B
20240119;100105;0.024560000;10000;9445309226;B
20240119;100105;0.024560000;150000;9445309356;B
20240119;100105;0.024570000;350000;9445309357;B
20240119;100106;0.024575000;30000;9445309478;B
20240119;100106;0.024570000;10000;9445309546;B
20240119;100107;0.024555000;20000;9445309654;S
20240119;100108;0.024555000;3330000;9445309738;S
20240119;100108;0.024555000;770000;9445309739;S
20240119;100108;0.024555000;4230000;9445309740;S
20240119;100108;0.024555000;10000;9445309741;S
20240119;100108;0.024555000;10000;9445309742;S
20240119;100108;0.024555000;20000000;9445309743;S
20240119;100108;0.024555000;1210000;9445309744;S
20240119;100108;0.024550000;3000000;9445309745;S
20240119;100108;0.024550000;2430000;9445309746;S
20240119;100108;0.024545000;10000;9445309747;S
20240119;100108;0.024545000;10000;9445309748;S
20240119;100108;0.024545000;10000;9445309749;S
20240119;100108;0.024545000;70000;9445309750;S
20240119;100108;0.024545000;7500000;9445309751;S
20240119;100108;0.024545000;20000;9445309752;S
20240119;100108;0.024545000;40000000;9445309753;S
20240119;100108;0.024540000;14490000;9445309754;S
20240119;100108;0.024555000;1440000;9445309804;S
20240119;100108;0.024565000;60000;9445309825;B
20240119;100110;0.024555000;560000;9445310085;S
20240119;100111;0.024555000;10000;9445310140;S
20240119;100111;0.024555000;10000000;9445310153;S
20240119;100111;0.024560000;1000000;9445310198;B
20240119;100111;0.024560000;1000000;9445310199;B
20240119;100113;0.024560000;50000;9445310428;B
20240119;100114;0.024555000;4000000;9445310587;S
20240119;100114;0.024560000;950000;9445310851;B
20240119;100114;0.024560000;50000;9445310852;B
20240119;100115;0.024560000;10000;9445310983;B
20240119;100115;0.024560000;3990000;9445310984;B
20240119;100116;0.024555000;3990000;9445311016;S
20240119;100116;0.024555000;1000000;9445311017;S
20240119;100116;0.024550000;1220000;9445311018;S
20240119;100116;0.024540000;2460000;9445311019;S
20240119;100116;0.024560000;1000000;9445311162;B
20240119;100117;0.024555000;200000;9445311220;S
20240119;100118;0.024555000;130000;9445311286;S
20240119;100118;0.024560000;70000;9445311347;B
20240119;100119;0.024560000;300000;9445311396;B
20240119;100120;0.024560000;10000;9445311544;B
20240119;100121;0.024555000;19670000;9445311695;S
20240119;100121;0.024555000;7130000;9445311696;B
20240119;100121;0.024555000;9070000;9445311697;S
20240119;100125;0.024565000;10000;9445312728;B
20240119;100126;0.024555000;170000;9445312791;S
20240119;100126;0.024555000;80000;9445312792;S
20240119;100126;0.024555000;10000;9445312793;S
20240119;100126;0.024545000;220000;9445312869;S
20240119;100126;0.024540000;20000;9445312886;S
20240119;100129;0.024550000;1000000;9445313233;B
20240119;100129;0.024555000;16650000;9445313234;B
20240119;100129;0.024560000;1190000;9445313235;B
20240119;100129;0.024565000;200000;9445313236;B
20240119;100129;0.024570000;990000;9445313237;B
20240119;100129;0.024570000;100000;9445313238;B
20240119;100129;0.024570000;20000;9445313239;B
20240119;100129;0.024570000;20400000;9445313240;B
20240119;100129;0.024570000;12240000;9445313241;B
20240119;100129;0.024570000;17890000;9445313242;B
20240119;100129;0.024570000;10000;9445313243;B
20240119;100129;0.024575000;6000000;9445313244;B
20240119;100129;0.024575000;2000000;9445313245;B
20240119;100129;0.024575000;5820000;9445313246;B
20240119;100129;0.024575000;2060000;9445313247;B
20240119;100129;0.024575000;3430000;9445313248;B
20240119;100131;0.024570000;100000;9445313642;B
20240119;100136;0.024570000;10000;9445314280;B
20240119;100139;0.024570000;400000;9445314841;B
20240119;100139;0.024570000;10000;9445314958;B
20240119;100140;0.024560000;50000;9445314987;S
20240119;100140;0.024570000;200000;9445314989;B
20240119;100140;0.024565000;170000;9445315024;B
20240119;100140;0.024570000;1130000;9445315031;B
20240119;100143;0.024570000;650000;9445315388;B
20240119;100143;0.024570000;760000;9445315389;B
20240119;100143;0.024570000;550000;9445315394;B
20240119;100144;0.024570000;20000;9445315438;B
20240119;100144;0.024570000;1000000;9445315466;B
20240119;100147;0.024570000;40000;9445315875;B
20240119;100149;0.024570000;3180000;9445316077;B
20240119;100149;0.024570000;6000000;9445316078;B
20240119;100149;0.024575000;12240000;9445316079;B
20240119;100149;0.024575000;10000;9445316080;B
20240119;100149;0.024575000;5500000;9445316081;B
20240119;100149;0.024580000;15690000;9445316082;B
20240119;100149;0.024580000;18000000;9445316083;B
20240119;100149;0.024580000;1180000;9445316084;B
20240119;100149;0.024580000;6120000;9445316085;B
20240119;100149;0.024585000;10000;9445316086;B
20240119;100149;0.024585000;500000;9445316087;B
20240119;100149;0.024585000;21570000;9445316088;B
20240119;100149;0.024585000;2000000;9445316092;B
20240119;100149;0.024585000;4400000;9445316093;B
20240119;100149;0.024585000;270000;9445316094;B
20240119;100150;0.024585000;100000;9445316207;B
20240119;100152;0.024585000;60000;9445316458;B
20240119;100155;0.024565000;10000;9445316746;S
20240119;100157;0.024570000;10000;9445316932;S
20240119;100157;0.024565000;490000;9445316933;S
20240119;100157;0.024565000;500000;9445316934;S
20240119;100157;0.024565000;10000;9445317020;S
20240119;100157;0.024575000;20000;9445317023;B
20240119;100157;0.024580000;10000;9445317024;B
20240119;100158;0.024585000;380000;9445317070;B
20240119;100200;0.024570000;20000;9445317377;B
20240119;100201;0.024565000;890000;9445317391;S
20240119;100201;0.024560000;10000;9445317392;S
20240119;100201;0.024560000;1100000;9445317393;S
20240119;100201;0.024570000;10000;9445317441;B
20240119;100201;0.024565000;1900000;9445317530;B
20240119;100204;0.024565000;1000000;9445317885;B
20240119;100204;0.024565000;2000000;9445317994;B
20240119;100205;0.024565000;100000;9445318001;B
20240119;100205;0.024570000;150000;9445318002;B
20240119;100205;0.024575000;1750000;9445318003;B
20240119;100206;0.024570000;500000;9445318188;S
20240119;100207;0.024585000;190000;9445318266;B
20240119;100207;0.024585000;810000;9445318267;B
20240119;100207;0.024585000;9460000;9445318296;B
20240119;100208;0.024585000;10000;9445318319;B
20240119;100208;0.024585000;400000;9445318320;B
20240119;100208;0.024585000;520000;9445318372;B
20240119;100210;0.024575000;50000;9445318596;B
20240119;100210;0.024575000;4000000;9445318601;B
20240119;100211;0.024575000;500000;9445318683;B
20240119;100211;0.024575000;10000;9445318700;B
20240119;100211;0.024575000;400000;9445318731;B
20240119;100211;0.024575000;250000;9445318761;B
20240119;100212;0.024575000;500000;9445318765;B
20240119;100212;0.024575000;30000;9445318819;B
20240119;100214;0.024575000;10000;9445318987;B
20240119;100215;0.024575000;50000;9445319078;B
20240119;100217;0.024575000;540000;9445319303;B
20240119;100217;0.024575000;130000;9445319345;B
20240119;100219;0.024575000;10000;9445319617;B
20240119;100219;0.024565000;20000;9445319672;S
20240119;100220;0.024575000;10000;9445319752;B
20240119;100222;0.024575000;300000;9445319873;B
20240119;100225;0.024570000;10000;9445320411;S
20240119;100225;0.024575000;5140000;9445320446;B
20240119;100225;0.024575000;140000;9445320447;B
20240119;100225;0.024580000;20000000;9445320448;B
20240119;100225;0.024585000;4630000;9445320449;B
20240119;100225;0.024585000;90000;9445320450;B
20240119;100225;0.024570000;10000;9445320478;S
20240119;100226;0.024585000;560000;9445320510;B
20240119;100226;0.024585000;2000000;9445320511;B
20240119;100226;0.024585000;4440000;9445320512;B
20240119;100227;0.024575000;90000;9445320628;S
20240119;100227;0.024570000;10000;9445320629;S
20240119;100227;0.024570000;50000;9445320631;S
20240119;100227;0.024585000;1000000;9445320704;B
20240119;100230;0.024580000;40000;9445321170;S
20240119;100231;0.024580000;10000;9445321374;S
20240119;100234;0.024585000;10000;9445321842;B
20240119;100235;0.024585000;270000;9445321931;B
20240119;100235;0.024585000;20000;9445321963;B
20240119;100235;0.024580000;12620000;9445321964;S
20240119;100235;0.024575000;500000;9445321965;S
20240119;100235;0.024575000;200000;9445321966;S
20240119;100235;0.024575000;5000000;9445321967;S
20240119;100235;0.024575000;21690000;9445321968;S
20240119;100236;0.024580000;5000000;9445322062;S
20240119;100236;0.024585000;270000;9445322129;B
20240119;100236;0.024585000;810000;9445322169;B
20240119;100237;0.024585000;500000;9445322371;B
20240119;100237;0.024585000;550000;9445322439;B
20240119;100239;0.024585000;100000;9445322646;B
20240119;100239;0.024585000;270000;9445322709;B
20240119;100239;0.024585000;1800000;9445322794;B
20240119;100240;0.024580000;2000000;9445322864;S
20240119;100241;0.024580000;1810000;9445322988;S
20240119;100241;0.024580000;1500000;9445322989;S
20240119;100242;0.024580000;7090000;9445323029;B
20240119;100242;0.024585000;2200000;9445323030;B
20240119;100242;0.024585000;7280000;9445323031;B
20240119;100242;0.024585000;4440000;9445323032;B
20240119;100242;0.024585000;1000000;9445323033;B
20240119;100242;0.024590000;200000;9445323034;B
20240119;100242;0.024590000;20000000;9445323035;B
20240119;100242;0.024590000;2730000;9445323036;B
20240119;100243;0.024590000;50000;9445323192;B
20240119;100244;0.024590000;10000;9445323256;B
20240119;100244;0.024590000;1000000;9445323278;B
20240119;100246;0.024585000;10000;9445323454;S
20240119;100246;0.024590000;10000;9445323509;B
20240119;100249;0.024590000;20000;9445323948;B
20240119;100251;0.024590000;100000;9445324109;B
20240119;100252;0.024590000;10000;9445324178;B
20240119;100252;0.024585000;40000;9445324179;S
20240119;100253;0.024585000;110000;9445324349;S
20240119;100253;0.024585000;40000;9445324419;S
20240119;100254;0.024590000;70000;9445324463;B
20240119;100254;0.024590000;10000;9445324538;B
20240119;100254;0.024590000;170000;9445324551;B
20240119;100254;0.024590000;10000;9445324585;B
20240119;100255;0.024590000;500000;9445324664;B
20240119;100255;0.024590000;650000;9445324680;B
20240119;100256;0.024590000;2800000;9445324726;B
20240119;100257;0.024585000;10000;9445324863;S
20240119;100257;0.024585000;50000;9445324864;S
20240119;100257;0.024585000;50000;9445324903;S
20240119;100257;0.024585000;370000;9445324904;S
20240119;100257;0.024590000;90000;9445324949;B
20240119;100259;0.024590000;20000;9445325092;B
20240119;100259;0.024590000;1140000;9445325159;B
20240119;100259;0.024590000;240000;9445325160;B
20240119;100259;0.024590000;10000;9445325161;B
20240119;100259;0.024590000;270000;9445325162;B
20240119;100259;0.024590000;840000;9445325163;B
20240119;100301;0.024585000;100000;9445325303;S
20240119;100301;0.024590000;200000;9445325328;B
20240119;100301;0.024590000;800000;9445325335;B
20240119;100302;0.024590000;4300000;9445325433;B
20240119;100302;0.024590000;5000000;9445325434;B
20240119;100303;0.024585000;30000;9445325476;S
20240119;100303;0.024585000;180000;9445325477;S
20240119;100304;0.024590000;1200000;9445325673;B
20240119;100304;0.024590000;100000;9445325676;B
20240119;100304;0.024590000;100000;9445325695;B
20240119;100304;0.024590000;200000;9445325703;B
20240119;100304;0.024590000;200000;9445325704;B
20240119;100304;0.024590000;200000;9445325705;B
20240119;100304;0.024590000;300000;9445325706;B
20240119;100304;0.024590000;200000;9445325707;B
20240119;100304;0.024590000;200000;9445325708;B
20240119;100304;0.024590000;900000;9445325709;B
20240119;100304;0.024590000;300000;9445325710;B
20240119;100306;0.024590000;10000;9445326232;B
20240119;100306;0.024590000;500000;9445326245;B
20240119;100306;0.024585000;20000;9445326318;S
20240119;100306;0.024585000;280000;9445326319;S
20240119;100308;0.024590000;100000;9445326619;B
20240119;100309;0.024590000;1000000;9445326696;B
20240119;100311;0.024590000;100000;9445326980;B
20240119;100311;0.024585000;100000;9445326983;S
20240119;100311;0.024590000;100000;9445326995;B
20240119;100312;0.024590000;270000;9445326999;B
20240119;100312;0.024590000;5000000;9445327000;B
20240119;100312;0.024590000;8880000;9445327001;B
20240119;100312;0.024595000;10000;9445327016;B
20240119;100312;0.024595000;5000000;9445327058;B
20240119;100312;0.024595000;1500000;9445327116;B
20240119;100313;0.024595000;8600000;9445327145;B
20240119;100313;0.024590000;10000;9445327180;S
20240119;100316;0.024595000;10000;9445327524;B
20240119;100316;0.024590000;1300000;9445327525;S
20240119;100317;0.024595000;10000;9445327640;B
20240119;100319;0.024595000;23060000;9445327857;B
20240119;100319;0.024595000;1790000;9445327858;B
20240119;100319;0.024595000;10000000;9445327859;B
20240119;100319;0.024595000;200000;9445327860;B
20240119;100319;0.024595000;200000;9445327861;B
20240119;100319;0.024595000;10000;9445327862;B
20240119;100319;0.024595000;10000;9445327863;B
20240119;100319;0.024600000;100000;9445327864;B
20240119;100319;0.024600000;50000;9445327865;B
20240119;100319;0.024600000;510000;9445327866;B
20240119;100319;0.024600000;2020000;9445327867;B
20240119;100319;0.024600000;200000;9445327868;B
20240119;100319;0.024600000;220000;9445327869;B
20240119;100319;0.024600000;5550000;9445327870;B
20240119;100319;0.024600000;60000;9445327871;B
20240119;100319;0.024600000;5000000;9445327872;B
20240119;100319;0.024600000;5560000;9445327873;B
20240119;100319;0.024595000;40000;9445327941;S
20240119;100320;0.024600000;5000000;9445327972;B
20240119;100320;0.024600000;1690000;9445327999;B
20240119;100321;0.024600000;200000;9445328222;B
20240119;100323;0.024600000;50000;9445328527;B
20240119;100324;0.024600000;1210000;9445328563;B
20240119;100324;0.024600000;10000;9445328564;B
20240119;100324;0.024605000;200000;9445328565;B
20240119;100324;0.024605000;15900000;9445328566;B
20240119;100324;0.024610000;10000;9445328567;B
20240119;100324;0.024610000;10000;9445328568;B
20240119;100324;0.024610000;200000;9445328569;B
20240119;100324;0.024610000;2460000;9445328570;B
20240119;100324;0.024610000;40000;9445328577;B
20240119;100324;0.024610000;1160000;9445328578;B
20240119;100324;0.024610000;10000;9445328645;B
20240119;100324;0.024610000;200000;9445328652;B
20240119;100324;0.024610000;50000;9445328701;B
20240119;100325;0.024610000;10000;9445328749;B
20240119;100327;0.024610000;20000;9445328998;B
20240119;100328;0.024610000;90000;9445329122;B
20240119;100328;0.024610000;100000;9445329141;B
20240119;100329;0.024610000;200000;9445329253;B
20240119;100329;0.024605000;5000000;9445329271;S
20240119;100329;0.024605000;2850000;9445329272;S
20240119;100330;0.024605000;1000000;9445329444;S
20240119;100330;0.024605000;5550000;9445329496;S
20240119;100332;0.024605000;600000;9445329751;S
20240119;100332;0.024605000;100000;9445329752;S
20240119;100332;0.024600000;1450000;9445329753;S
20240119;100333;0.024605000;10000;9445329818;B
20240119;100334;0.024600000;10000;9445330036;S
20240119;100337;0.024600000;10000;9445330410;B
20240119;100337;0.024605000;10000;9445330411;B
20240119;100337;0.024605000;4060000;9445330489;B
20240119;100337;0.024605000;940000;9445330490;B
20240119;100338;0.024605000;20000;9445330549;B
20240119;100338;0.024605000;500000;9445330591;B
20240119;100339;0.024605000;200000;9445330605;B
20240119;100339;0.024605000;90000;9445330620;B
20240119;100340;0.024605000;60000;9445330767;B
20240119;100342;0.024605000;10000;9445331038;B
20240119;100344;0.024605000;70000;9445331241;B
20240119;100344;0.024600000;100000;9445331350;S
20240119;100344;0.024600000;1400000;9445331351;S
20240119;100346;0.024605000;40000;9445331552;B
20240119;100346;0.024605000;2000000;9445331650;B
20240119;100348;0.024605000;140000;9445331921;B
20240119;100348;0.024605000;250000;9445331922;B
20240119;100348;0.024605000;660000;9445331923;B
20240119;100348;0.024605000;50000;9445331952;B
20240119;100350;0.024605000;40000;9445332141;B
20240119;100351;0.024605000;10000;9445332254;B
20240119;100351;0.024605000;2000000;9445332267;B
20240119;100351;0.024605000;10000;9445332270;B
20240119;100351;0.024605000;490000;9445332271;B
20240119;100351;0.024605000;100000;9445332288;B
20240119;100352;0.024605000;40000;9445332441;B
20240119;100353;0.024605000;30000;9445332459;B
20240119;100353;0.024605000;40000;9445332487;B
20240119;100353;0.024600000;100000;9445332520;S
20240119;100353;0.024600000;110000;9445332521;S
20240119;100353;0.024605000;30000;9445332522;B
20240119;100355;0.024605000;4820000;9445332672;B
20240119;100355;0.024605000;100000;9445332673;B
20240119;100355;0.024605000;50000;9445332674;B
20240119;100355;0.024605000;12220000;9445332675;B
20240119;100355;0.024605000;4080000;9445332676;B
20240119;100355;0.024610000;10230000;9445332677;B
20240119;100356;0.024610000;2000000;9445332819;B
20240119;100400;0.024605000;10000;9445333555;S
20240119;100402;0.024610000;10000;9445333844;B
20240119;100403;0.024610000;40000;9445333906;B
20240119;100404;0.024605000;5890000;9445333991;S
20240119;100404;0.024605000;1000000;9445333992;S
20240119;100404;0.024605000;200000;9445333993;S
20240119;100404;0.024605000;20000;9445333994;S
20240119;100404;0.024605000;310000;9445333995;S
20240119;100404;0.024605000;6080000;9445333996;S
20240119;100405;0.024605000;90000;9445334158;B
20240119;100405;0.024605000;10000;9445334160;B
20240119;100405;0.024605000;10000;9445334164;B
20240119;100406;0.024605000;10000;9445334334;B
20240119;100407;0.024600000;20000;9445334543;S
20240119;100407;0.024605000;50000;9445334599;B
20240119;100407;0.024605000;20000;9445334611;B
20240119;100408;0.024605000;12000000;9445334623;B
20240119;100408;0.024605000;1000000;9445334676;B
20240119;100409;0.024600000;480000;9445334798;S
20240119;100409;0.024600000;520000;9445334799;S
20240119;100409;0.024605000;310000;9445335000;B
20240119;100409;0.024605000;310000;9445335001;B
20240119;100409;0.024605000;3000000;9445335002;B
20240119;100409;0.024605000;2760000;9445335003;B
20240119;100409;0.024605000;2690000;9445335004;B
20240119;100409;0.024605000;2690000;9445335005;B
20240119;100409;0.024605000;2450000;9445335006;B
20240119;100410;0.024600000;40000;9445335245;S
20240119;100410;0.024605000;50000;9445335284;B
20240119;100411;0.024605000;20000;9445335358;B
20240119;100413;0.024605000;1000000;9445335668;B
20240119;100413;0.024605000;30000;9445335724;B
20240119;100413;0.024605000;470000;9445335725;B
20240119;100414;0.024600000;1300000;9445335811;S
20240119;100414;0.024600000;20000;9445335855;S
20240119;100416;0.024605000;40000;9445335989;B
20240119;100416;0.024605000;1000000;9445336024;B
20240119;100416;0.024605000;500000;9445336047;B
20240119;100417;0.024605000;500000;9445336086;B
20240119;100417;0.024605000;80000;9445336089;B
20240119;100417;0.024605000;500000;9445336147;B
20240119;100417;0.024605000;10000;9445336154;B
20240119;100417;0.024605000;500000;9445336168;B
20240119;100417;0.024605000;3400000;9445336182;B
20240119;100417;0.024605000;16600000;9445336183;B
20240119;100418;0.024605000;500000;9445336332;B
20240119;100418;0.024600000;10000;9445336335;S
20240119;100419;0.024605000;500000;9445336364;B
20240119;100419;0.024605000;70000;9445336367;B
20240119;100419;0.024605000;500000;9445336492;B
20240119;100419;0.024605000;500000;9445336534;B
20240119;100420;0.024605000;7000000;9445336557;B
20240119;100420;0.024605000;500000;9445336587;B
20240119;100420;0.024605000;500000;9445336609;B
20240119;100420;0.024605000;500000;9445336623;B
20240119;100420;0.024605000;500000;9445336663;B
20240119;100421;0.024605000;600000;9445336728;B
20240119;100421;0.024605000;500000;9445336741;B
20240119;100421;0.024605000;500000;9445336754;B
20240119;100421;0.024605000;500000;9445336781;B
20240119;100421;0.024605000;500000;9445336793;B
20240119;100422;0.024605000;500000;9445336817;B
20240119;100422;0.024605000;500000;9445336844;B
20240119;100422;0.024605000;500000;9445336856;B
20240119;100422;0.024605000;500000;9445336883;B
20240119;100422;0.024605000;500000;9445336902;B
20240119;100423;0.024605000;10000;9445336910;B
20240119;100423;0.024605000;500000;9445336914;B
20240119;100423;0.024605000;500000;9445336945;B
20240119;100423;0.024605000;500000;9445336980;B
20240119;100423;0.024605000;500000;9445337002;B
20240119;100423;0.024605000;500000;9445337029;B
20240119;100424;0.024605000;500000;9445337072;B
20240119;100424;0.024605000;220000;9445337102;B
20240119;100424;0.024605000;280000;9445337103;B
20240119;100424;0.024605000;500000;9445337115;B
20240119;100424;0.024605000;500000;9445337157;B
20240119;100424;0.024605000;200000;9445337160;B
20240119;100424;0.024605000;500000;9445337184;B
20240119;100425;0.024605000;500000;9445337279;B
20240119;100425;0.024605000;80000;9445337287;B
20240119;100425;0.024605000;420000;9445337288;B
20240119;100425;0.024600000;2000000;9445337355;S
20240119;100425;0.024605000;500000;9445337361;B
20240119;100425;0.024605000;500000;9445337375;B
20240119;100425;0.024605000;500000;9445337444;B
20240119;100425;0.024605000;500000;9445337454;B
20240119;100426;0.024605000;500000;9445337496;B
20240119;100426;0.024605000;500000;9445337531;B
20240119;100426;0.024605000;500000;9445337546;B
20240119;100426;0.024605000;500000;9445337609;B
20240119;100426;0.024605000;500000;9445337632;B
20240119;100428;0.024605000;4710000;9445337833;B
20240119;100428;0.024605000;290000;9445337834;B
20240119;100429;0.024600000;880000;9445337976;S
20240119;100429;0.024605000;100000;9445337984;B
20240119;100429;0.024605000;30000;9445338035;B
20240119;100429;0.024605000;210000;9445338058;B
20240119;100431;0.024605000;100000;9445338305;B
20240119;100431;0.024605000;60000;9445338332;B
20240119;100432;0.024600000;20000;9445338389;S
20240119;100432;0.024600000;5210000;9445338459;S
20240119;100432;0.024600000;3000000;9445338460;S
20240119;100432;0.024600000;6080000;9445338461;S
20240119;100432;0.024600000;10000;9445338462;S
20240119;100432;0.024600000;1180000;9445338463;S
20240119;100432;0.024600000;500000;9445338464;S
20240119;100432;0.024600000;50000000;9445338465;S
20240119;100432;0.024600000;500000;9445338466;S
20240119;100432;0.024600000;500000;9445338467;S
20240119;100432;0.024600000;500000;9445338468;S
20240119;100432;0.024600000;10000;9445338469;S
20240119;100432;0.024600000;5610000;9445338470;S
20240119;100432;0.024600000;2940000;9445338471;S
20240119;100432;0.024600000;10000;9445338472;S
20240119;100432;0.024600000;2000000;9445338473;S
20240119;100432;0.024595000;200000;9445338474;S
20240119;100432;0.024595000;7500000;9445338475;S
20240119;100432;0.024590000;1000000;9445338476;S
20240119;100432;0.024590000;480000;9445338477;S
20240119;100432;0.024590000;460000;9445338478;S
20240119;100432;0.024590000;2310000;9445338479;S
20240119;100434;0.024605000;10000;9445338717;B
20240119;100434;0.024605000;100000;9445338849;B
20240119;100437;0.024605000;540000;9445339349;B
20240119;100441;0.024605000;50000;9445339983;B
20240119;100443;0.024600000;500000;9445340230;S
20240119;100443;0.024600000;120000;9445340231;S
20240119;100443;0.024600000;120000;9445340232;S
20240119;100443;0.024600000;1340000;9445340233;S
20240119;100443;0.024600000;1980000;9445340234;S
20240119;100446;0.024605000;140000;9445340687;B
20240119;100448;0.024600000;230000;9445340928;S
20240119;100448;0.024600000;500000;9445340929;S
20240119;100448;0.024600000;50000;9445340930;S
20240119;100448;0.024600000;1310000;9445340931;S
20240119;100448;0.024600000;6420000;9445340932;S
20240119;100448;0.024600000;2000000;9445340963;B
20240119;100450;0.024600000;610000;9445341135;B
20240119;100450;0.024600000;200000;9445341195;B
20240119;100450;0.024595000;20000;9445341238;S
20240119;100451;0.024595000;190000;9445341338;S
20240119;100452;0.024600000;40000;9445341472;B
20240119;100453;0.024600000;600000;9445341520;B
20240119;100453;0.024600000;20000;9445341655;B
20240119;100455;0.024595000;20000;9445341905;S
20240119;100458;0.024595000;500000;9445342251;S
20240119;100458;0.024595000;770000;9445342284;S
20240119;100458;0.024595000;500000;9445342285;S
20240119;100458;0.024595000;10000;9445342286;S
20240119;100458;0.024595000;1300000;9445342287;S
20240119;100458;0.024595000;6380000;9445342288;S
20240119;100458;0.024595000;540000;9445342296;B
20240119;100458;0.024600000;1960000;9445342297;B
20240119;100459;0.024600000;60000;9445342359;B
20240119;100500;0.024600000;10000;9445342510;B
20240119;100500;0.024595000;10000;9445342525;S
20240119;100500;0.024595000;950000;9445342526;S
20240119;100501;0.024600000;20000;9445342676;B
20240119;100501;0.024600000;7590000;9445342689;B
20240119;100501;0.024600000;1000000;9445342690;B
20240119;100501;0.024600000;1410000;9445342691;B
20240119;100503;0.024600000;1500000;9445342873;B
20240119;100503;0.024600000;10000;9445342979;B
20240119;100503;0.024600000;260000;9445343007;B
20240119;100504;0.024600000;430000;9445343014;B
20240119;100504;0.024595000;1270000;9445343098;S
20240119;100504;0.024595000;6250000;9445343099;S
20240119;100504;0.024590000;500000;9445343100;S
20240119;100504;0.024590000;10000;9445343101;S
20240119;100504;0.024590000;4080000;9445343102;S
20240119;100504;0.024590000;1470000;9445343103;S
20240119;100504;0.024585000;620000;9445343104;S
20240119;100504;0.024585000;1000000;9445343105;S
20240119;100504;0.024585000;2000000;9445343106;S
20240119;100504;0.024585000;1400000;9445343107;S
20240119;100504;0.024585000;1800000;9445343108;S
20240119;100504;0.024600000;50000;9445343111;B
20240119;100505;0.024595000;500000;9445343147;S
20240119;100505;0.024590000;740000;9445343148;S
20240119;100505;0.024585000;8200000;9445343149;S
20240119;100505;0.024585000;2560000;9445343150;S
20240119;100505;0.024595000;500000;9445343181;S
20240119;100505;0.024590000;370000;9445343182;S
20240119;100505;0.024585000;430000;9445343183;S
20240119;100506;0.024600000;530000;9445343269;B
20240119;100506;0.024600000;810000;9445343279;B
20240119;100506;0.024600000;20000;9445343280;B
20240119;100506;0.024600000;170000;9445343281;B
20240119;100506;0.024595000;40000;9445343349;B
20240119;100507;0.024595000;50000;9445343443;B
20240119;100509;0.024595000;50000;9445343788;B
20240119;100509;0.024590000;500000;9445343790;S
20240119;100511;0.024590000;100000;9445344050;S
20240119;100511;0.024590000;1210000;9445344051;S
20240119;100511;0.024590000;690000;9445344052;S
20240119;100513;0.024595000;100000;9445344311;B
20240119;100513;0.024595000;10000;9445344331;B
20240119;100515;0.024590000;50000;9445344649;S
20240119;100515;0.024590000;50000;9445344650;S
20240119;100515;0.024590000;180000;9445344651;S
20240119;100515;0.024590000;980000;9445344652;S
20240119;100516;0.024595000;20000;9445344778;B
20240119;100518;0.024600000;2000000;9445344970;B
20240119;100518;0.024600000;10000;9445345021;B
20240119;100519;0.024600000;60000;9445345099;B
20240119;100520;0.024600000;10000;9445345304;B
20240119;100520;0.024600000;900000;9445345362;B
20240119;100523;0.024595000;4980000;9445345940;S
20240119;100523;0.024590000;200000;9445345941;S
20240119;100523;0.024590000;500000;9445345942;S
20240119;100523;0.024590000;90000;9445345943;S
20240119;100523;0.024590000;1180000;9445345944;S
20240119;100523;0.024590000;5940000;9445345945;S
20240119;100523;0.024585000;2010000;9445345946;S
20240119;100523;0.024585000;5100000;9445345947;S
20240119;100523;0.024590000;50000;9445345995;S
20240119;100523;0.024585000;40000;9445345996;S
20240119;100524;0.024590000;10000;9445346070;S
20240119;100526;0.024600000;10000;9445346290;B
20240119;100526;0.024600000;100000;9445346301;B
20240119;100528;0.024600000;440000;9445346566;B
20240119;100528;0.024600000;100000;9445346594;B
20240119;100529;0.024600000;790000;9445346644;B
20240119;100529;0.024600000;2000000;9445346645;B
20240119;100529;0.024600000;2210000;9445346646;B
20240119;100529;0.024600000;10000;9445346730;B
20240119;100530;0.024590000;40000;9445346830;S
20240119;100530;0.024590000;3000000;9445346831;S
20240119;100530;0.024585000;10000;9445346832;S
20240119;100530;0.024585000;4080000;9445346833;S
20240119;100530;0.024585000;50000;9445346834;S
20240119;100530;0.024585000;15300000;9445346835;S
20240119;100530;0.024585000;1170000;9445346836;S
20240119;100530;0.024585000;5910000;9445346837;S
20240119;100530;0.024580000;20000;9445346838;S
20240119;100530;0.024580000;4610000;9445346839;S
20240119;100530;0.024580000;1000000;9445346840;S
20240119;100530;0.024580000;10000;9445346841;S
20240119;100530;0.024580000;100000;9445346842;S
20240119;100530;0.024580000;190000;9445346843;S
20240119;100530;0.024580000;10000000;9445346844;S
20240119;100530;0.024580000;10000000;9445346845;S
20240119;100530;0.024580000;100000;9445346846;S
20240119;100530;0.024580000;5100000;9445346847;S
20240119;100530;0.024580000;20000;9445346848;S
20240119;100530;0.024580000;4000000;9445346849;S
20240119;100530;0.024575000;28310000;9445346850;S
20240119;100530;0.024575000;10400000;9445346851;S
20240119;100530;0.024575000;10000;9445346852;S
20240119;100530;0.024575000;10000;9445346853;S
20240119;100530;0.024575000;10000;9445346854;S
20240119;100530;0.024575000;30000;9445346855;S
20240119;100530;0.024575000;5220000;9445346856;S
20240119;100530;0.024570000;500000;9445346857;S
20240119;100530;0.024570000;50000;9445346858;S
20240119;100530;0.024570000;20000;9445346859;S
20240119;100530;0.024570000;70000;9445346860;S
20240119;100530;0.024570000;100000;9445346861;S
20240119;100530;0.024565000;1000000;9445346862;S
20240119;100530;0.024565000;4000000;9445346863;S
20240119;100530;0.024565000;30000;9445346864;S
20240119;100530;0.024565000;12240000;9445346865;S
20240119;100530;0.024560000;40000000;9445346866;S
20240119;100530;0.024560000;100000;9445346867;S
20240119;100530;0.024560000;20000;9445346868;S
20240119;100530;0.024555000;40000;9445346869;S
20240119;100530;0.024555000;150000;9445346870;S
20240119;100530;0.024555000;500000;9445346871;S
20240119;100530;0.024555000;100000;9445346872;S
20240119;100530;0.024555000;100000;9445346873;S
20240119;100530;0.024555000;46000000;9445346874;S
20240119;100530;0.024550000;3400000;9445346875;S
20240119;100530;0.024550000;10000;9445346876;S
20240119;100530;0.024550000;1000000;9445346877;S
20240119;100530;0.024550000;500000;9445346878;S
20240119;100530;0.024550000;100000;9445346879;S
20240119;100530;0.024550000;200000;9445346880;S
20240119;100530;0.024550000;1000000;9445346881;S
20240119;100530;0.024550000;80000000;9445346882;S
20240119;100530;0.024550000;40000000;9445346883;S
20240119;100530;0.024550000;8010000;9445346884;B
20240119;100530;0.024550000;24640000;9445346885;B
20240119;100530;0.024550000;9620000;9445346886;B
20240119;100530;0.024545000;40000;9445346887;S
20240119;100530;0.024545000;200000;9445346888;S
20240119;100530;0.024545000;40000;9445346889;S
20240119;100530;0.024545000;370000;9445346890;S
20240119;100530;0.024550000;30660000;9445346891;B
20240119;100531;0.024565000;500000;9445346949;S
20240119;100531;0.024560000;5000000;9445346950;S
20240119;100531;0.024560000;18900000;9445346951;B
20240119;100532;0.024560000;60000;9445347083;B
20240119;100533;0.024555000;1260000;9445347163;S
20240119;100533;0.024555000;6300000;9445347164;S
20240119;100533;0.024550000;1200000;9445347165;S
20240119;100533;0.024545000;12240000;9445347166;S
20240119;100533;0.024545000;4080000;9445347167;S
20240119;100533;0.024540000;500000;9445347168;S
20240119;100533;0.024540000;210000;9445347169;S
20240119;100533;0.024540000;9210000;9445347170;S
20240119;100534;0.024545000;90000;9445347226;S
20240119;100534;0.024560000;10000;9445347288;B
20240119;100534;0.024560000;10000;9445347291;B
20240119;100534;0.024560000;10000;9445347294;B
20240119;100535;0.024560000;10000;9445347306;B
20240119;100535;0.024560000;40000;9445347307;B
20240119;100535;0.024560000;10000;9445347314;B
20240119;100535;0.024560000;10000;9445347330;B
20240119;100535;0.024560000;10000;9445347346;B
20240119;100535;0.024560000;20000;9445347431;B
20240119;100536;0.024560000;100000;9445347444;B
20240119;100536;0.024560000;40000;9445347459;B
20240119;100537;0.024550000;200000;9445347705;S
20240119;100537;0.024560000;50000;9445347720;B
20240119;100538;0.024545000;10000;9445347786;S
20240119;100539;0.024545000;500000;9445347851;S
20240119;100539;0.024560000;100000;9445347871;B
20240119;100539;0.024550000;20000;9445347918;B
20240119;100541;0.024560000;1500000;9445348084;B
20240119;100541;0.024560000;1100000;9445348106;B
20240119;100542;0.024560000;10000;9445348303;B
20240119;100542;0.024560000;1190000;9445348304;B
20240119;100542;0.024560000;20000;9445348341;B
20240119;100543;0.024560000;60000;9445348354;B
20240119;100543;0.024560000;100000;9445348368;B
20240119;100543;0.024555000;1000000;9445348425;S
20240119;100543;0.024550000;6770000;9445348426;S
20240119;100543;0.024545000;5780000;9445348427;S
20240119;100544;0.024545000;200000;9445348514;S
20240119;100546;0.024560000;10000;9445348791;B
20240119;100547;0.024560000;4000000;9445348966;B
20240119;100549;0.024560000;1000000;9445349131;B
20240119;100550;0.024560000;100000;9445349277;B
20240119;100552;0.024560000;1000000;9445349808;B
20240119;100554;0.024560000;1200000;9445350062;B
20240119;100555;0.024550000;190000;9445350208;S
20240119;100555;0.024550000;6930000;9445350268;S
20240119;100555;0.024550000;90000;9445350269;S
20240119;100555;0.024550000;20000;9445350270;S
20240119;100555;0.024550000;20000;9445350271;S
20240119;100555;0.024550000;20000;9445350272;S
20240119;100555;0.024550000;20000;9445350273;S
20240119;100555;0.024550000;20000;9445350274;S
20240119;100555;0.024550000;20000;9445350275;S
20240119;100555;0.024550000;20000;9445350276;S
20240119;100555;0.024550000;40000;9445350277;B
20240119;100558;0.024545000;1110000;9445350532;S
20240119;100558;0.024545000;50000;9445350533;S
20240119;100558;0.024545000;50000;9445350534;S
20240119;100558;0.024545000;10000;9445350535;S
20240119;100558;0.024545000;130000;9445350536;S
20240119;100558;0.024550000;20000;9445350537;B
20240119;100559;0.024550000;20000;9445350754;B
20240119;100601;0.024550000;22760000;9445350875;B
20240119;100601;0.024545000;960000;9445350933;S
20240119;100604;0.024555000;500000;9445351263;S
20240119;100604;0.024555000;1450000;9445351264;S
20240119;100604;0.024550000;30000;9445351265;S
20240119;100604;0.024550000;6880000;9445351266;S
20240119;100604;0.024550000;500000;9445351267;S
20240119;100604;0.024545000;10640000;9445351268;S
20240119;100605;0.024545000;70000;9445351377;S
20240119;100607;0.024560000;10000;9445351498;B
20240119;100607;0.024560000;40050000;9445351536;B
20240119;100607;0.024560000;100000;9445351546;B
20240119;100608;0.024550000;10000;9445351600;S
20240119;100608;0.024550000;20000;9445351625;S
20240119;100608;0.024550000;300000;9445351626;S
20240119;100609;0.024560000;50000;9445351712;B
20240119;100610;0.024560000;10000;9445351730;B
20240119;100611;0.024560000;60000;9445351921;B
20240119;100612;0.024550000;150000;9445352155;S
20240119;100613;0.024560000;10000;9445352172;B
20240119;100613;0.024550000;140000;9445352209;S
20240119;100613;0.024560000;50000;9445352230;B
20240119;100614;0.024560000;50000;9445352285;B
20240119;100614;0.024560000;1500000;9445352364;B
20240119;100615;0.024560000;50000;9445352423;B
20240119;100616;0.024550000;100000;9445352450;S
20240119;100616;0.024560000;1000000;9445352497;B
20240119;100617;0.024560000;400000;9445352559;B
20240119;100617;0.024560000;10000;9445352572;B
20240119;100617;0.024560000;490000;9445352573;B
20240119;100619;0.024550000;20000;9445352780;S
20240119;100619;0.024560000;30000;9445352836;B
20240119;100620;0.024560000;20000;9445352908;S
20240119;100623;0.024565000;10000;9445353160;B
20240119;100623;0.024565000;5440000;9445353161;B
20240119;100623;0.024565000;1420000;9445353162;B
20240119;100624;0.024575000;20000;9445353231;B
20240119;100624;0.024580000;30000;9445353232;B
20240119;100625;0.024570000;10000;9445353360;B
20240119;100626;0.024580000;20000;9445353495;B
20240119;100627;0.024580000;50000;9445353560;B
20240119;100627;0.024580000;70000;9445353561;B
20240119;100628;0.024575000;10000;9445353650;B
20240119;100628;0.024575000;450000;9445353667;S
20240119;100628;0.024580000;80000;9445353682;B
20240119;100629;0.024575000;30000;9445353700;S
20240119;100629;0.024580000;1000000;9445353718;B
20240119;100629;0.024575000;510000;9445353743;S
20240119;100629;0.024565000;3130000;9445353744;S
20240119;100629;0.024565000;6570000;9445353745;S
20240119;100629;0.024560000;450000;9445353746;S
20240119;100629;0.024560000;10000;9445353747;S
20240119;100629;0.024560000;2040000;9445353748;S
20240119;100629;0.024550000;2090000;9445353749;S
20240119;100631;0.024580000;40000;9445354078;B
20240119;100633;0.024580000;6700000;9445354454;B
20240119;100640;0.024570000;30000;9445355351;B
20240119;100643;0.024570000;80000;9445355697;B
20240119;100643;0.024570000;2120000;9445355746;B
20240119;100644;0.024565000;110000;9445355841;S
20240119;100644;0.024570000;400000;9445355843;B
20240119;100646;0.024570000;2370000;9445355976;B
20240119;100646;0.024570000;1340000;9445355977;B
20240119;100646;0.024575000;590000;9445355978;B
20240119;100647;0.024565000;180000;9445356094;S
20240119;100650;0.024580000;10000;9445356382;B
20240119;100650;0.024580000;150000;9445356446;B
20240119;100652;0.024565000;50000;9445356656;S
20240119;100653;0.024580000;30000;9445356719;B
20240119;100654;0.024580000;10000;9445356813;B
20240119;100654;0.024565000;160000;9445356835;S
20240119;100654;0.024565000;100000;9445356836;S
20240119;100654;0.024560000;80000;9445356890;S
20240119;100654;0.024560000;80000;9445356891;S
20240119;100654;0.024560000;340000;9445356892;S
20240119;100654;0.024560000;1000000;9445356893;S
20240119;100654;0.024555000;500000;9445356894;S
20240119;100657;0.024565000;10000;9445357147;B
20240119;100658;0.024565000;30000;9445357239;B
20240119;100659;0.024565000;20000;9445357398;B
20240119;100701;0.024565000;2500000;9445357545;B
20240119;100703;0.024565000;430000;9445357888;B
20240119;100704;0.024565000;100000;9445358056;B
20240119;100705;0.024565000;200000;9445358060;B
20240119;100707;0.024565000;100000;9445358311;B
20240119;100709;0.024560000;10000;9445358467;S
20240119;100709;0.024555000;420000;9445358468;S
20240119;100709;0.024555000;1340000;9445358469;S
20240119;100709;0.024555000;6480000;9445358470;S
20240119;100709;0.024550000;1460000;9445358471;S
20240119;100709;0.024550000;10000;9445358472;S
20240119;100709;0.024550000;4100000;9445358473;S
20240119;100709;0.024550000;10000;9445358474;S
20240119;100709;0.024550000;40000;9445358475;S
20240119;100709;0.024550000;1000000;9445358476;S
20240119;100709;0.024545000;20000;9445358477;S
20240119;100709;0.024545000;20000;9445358478;S
20240119;100709;0.024545000;20000;9445358479;S
20240119;100709;0.024545000;20000;9445358480;S
20240119;100709;0.024545000;3200000;9445358481;S
20240119;100709;0.024545000;4080000;9445358482;S
20240119;100709;0.024545000;12240000;9445358483;S
20240119;100709;0.024540000;6230000;9445358484;S
20240119;100709;0.024560000;600000;9445358502;B
20240119;100711;0.024560000;10000;9445358722;B
20240119;100711;0.024560000;150000;9445358751;B
20240119;100711;0.024555000;50000;9445358790;S
20240119;100711;0.024560000;10000;9445358794;B
20240119;100711;0.024565000;10000;9445358795;B
20240119;100715;0.024565000;30000;9445359221;B
20240119;100716;0.024565000;400000;9445359345;B
20240119;100716;0.024555000;340000;9445359347;S
20240119;100716;0.024555000;160000;9445359348;S
20240119;100716;0.024565000;30000000;9445359378;B
20240119;100719;0.024555000;20000;9445359804;S
20240119;100720;0.024565000;20000;9445359851;B
20240119;100720;0.024555000;10000;9445359893;S
20240119;100722;0.024555000;10000;9445360257;S
20240119;100722;0.024550000;100000;9445360258;S
20240119;100725;0.024565000;30000;9445360568;B
20240119;100725;0.024550000;160000;9445360692;S
20240119;100729;0.024550000;2840000;9445361346;S
20240119;100729;0.024550000;5000000;9445361347;S
20240119;100729;0.024550000;200000;9445361348;S
20240119;100729;0.024545000;12240000;9445361349;S
20240119;100729;0.024545000;600000;9445361350;S
20240119;100729;0.024545000;1380000;9445361351;S
20240119;100729;0.024545000;4080000;9445361352;S
20240119;100729;0.024540000;34560000;9445361353;S
20240119;100729;0.024540000;100000;9445361354;S
20240119;100729;0.024540000;10000;9445361355;S
20240119;100729;0.024540000;50000;9445361356;S
20240119;100729;0.024540000;1700000;9445361357;S
20240119;100729;0.024540000;70000;9445361358;S
20240119;100729;0.024540000;1000000;9445361359;S
20240119;100729;0.024540000;20000;9445361360;S
20240119;100729;0.024540000;70000;9445361361;S
20240119;100729;0.024540000;11470000;9445361362;S
20240119;100729;0.024540000;6690000;9445361363;S
20240119;100729;0.024540000;16280000;9445361364;S
20240119;100729;0.024535000;200000;9445361365;S
20240119;100729;0.024535000;760000;9445361366;S
20240119;100729;0.024535000;10000;9445361367;S
20240119;100729;0.024535000;10000;9445361368;S
20240119;100729;0.024535000;10000;9445361369;S
20240119;100729;0.024535000;10000;9445361370;S
20240119;100729;0.024535000;10000;9445361371;S
20240119;100729;0.024535000;10000;9445361372;S
20240119;100729;0.024535000;11470000;9445361373;S
20240119;100729;0.024535000;6000000;9445361374;S
20240119;100729;0.024530000;3980000;9445361375;S
20240119;100729;0.024530000;10000;9445361376;S
20240119;100729;0.024530000;60000;9445361377;S
20240119;100729;0.024530000;20000;9445361378;S
20240119;100729;0.024530000;20000;9445361379;S
20240119;100729;0.024530000;20000;9445361380;S
20240119;100729;0.024530000;20000;9445361381;S
20240119;100729;0.024530000;20000;9445361382;S
20240119;100729;0.024530000;20000;9445361383;S
20240119;100729;0.024530000;20000;9445361384;S
20240119;100729;0.024530000;20000;9445361385;S
20240119;100729;0.024530000;100000;9445361386;S
20240119;100729;0.024530000;13630000;9445361387;S
20240119;100729;0.024530000;20000;9445361388;S
20240119;100729;0.024530000;11470000;9445361389;S
20240119;100729;0.024530000;6000000;9445361390;S
20240119;100729;0.024525000;10000;9445361391;S
20240119;100729;0.024525000;200000;9445361392;S
20240119;100729;0.024525000;20000;9445361393;S
20240119;100729;0.024525000;700000;9445361394;S
20240119;100729;0.024525000;1000000;9445361395;S
20240119;100729;0.024525000;100000;9445361396;S
20240119;100729;0.024525000;32030000;9445361397;S
20240119;100729;0.024525000;60000;9445361398;S
20240119;100729;0.024525000;2000000;9445361399;S
20240119;100729;0.024525000;20000000;9445361400;S
20240119;100729;0.024525000;2630000;9445361401;S
20240119;100729;0.024525000;5000000;9445361406;S
20240119;100729;0.024535000;10000;9445361425;B
20240119;100729;0.024535000;10000;9445361426;B
20240119;100729;0.024535000;60000;9445361459;B
20240119;100730;0.024525000;2400000;9445361487;S
20240119;100730;0.024535000;1000000;9445361519;B
20240119;100732;0.024535000;40000;9445361939;B
20240119;100732;0.024525000;13880000;9445362039;S
20240119;100732;0.024525000;4080000;9445362040;S
20240119;100732;0.024525000;12240000;9445362041;S
20240119;100732;0.024525000;1390000;9445362042;S
20240119;100732;0.024525000;6730000;9445362043;S
20240119;100732;0.024520000;40000;9445362044;S
20240119;100732;0.024520000;10000;9445362045;S
20240119;100732;0.024520000;10000;9445362046;S
20240119;100732;0.024520000;10000;9445362047;S
20240119;100732;0.024520000;20000;9445362048;S
20240119;100732;0.024520000;10000;9445362049;S
20240119;100732;0.024520000;20000;9445362050;S
20240119;100732;0.024520000;20000;9445362051;S
20240119;100732;0.024520000;60000;9445362052;S
20240119;100732;0.024520000;10000;9445362053;S
20240119;100732;0.024520000;160000;9445362054;S
20240119;100732;0.024520000;200000;9445362055;S
20240119;100732;0.024520000;10000;9445362056;S
20240119;100732;0.024520000;11100000;9445362057;S
20240119;100733;0.024525000;200000;9445362120;S
20240119;100733;0.024530000;10000;9445362129;B
20240119;100734;0.024525000;12800000;9445362268;S
20240119;100734;0.024530000;40000;9445362343;B
20240119;100735;0.024530000;50000;9445362431;B
20240119;100735;0.024525000;2500000;9445362443;S
20240119;100735;0.024530000;10000;9445362457;B
20240119;100735;0.024530000;50000;9445362464;B
20240119;100736;0.024530000;5200000;9445362542;B
20240119;100736;0.024525000;10000;9445362568;S
20240119;100736;0.024525000;1360000;9445362569;S
20240119;100739;0.024520000;6300000;9445362825;S
20240119;100739;0.024525000;200000;9445362943;B
20240119;100740;0.024520000;80000;9445363065;S
20240119;100741;0.024520000;150000;9445363132;S
20240119;100743;0.024525000;10000;9445363454;B
20240119;100744;0.024525000;10000;9445363578;B
20240119;100745;0.024525000;80000;9445363741;B
20240119;100745;0.024520000;10000;9445363775;S
20240119;100745;0.024520000;500000;9445363806;S
20240119;100746;0.024525000;10000;9445363998;B
20240119;100747;0.024525000;310000;9445364028;B
20240119;100747;0.024525000;1050000;9445364046;B
20240119;100748;0.024520000;110000;9445364173;S
20240119;100749;0.024525000;500000;9445364274;B
20240119;100749;0.024525000;10000;9445364295;B
20240119;100750;0.024520000;140000;9445364401;S
20240119;100751;0.024520000;2000000;9445364492;S
20240119;100753;0.024520000;10000;9445364713;S
20240119;100754;0.024525000;110000;9445364792;B
20240119;100755;0.024525000;10000;9445364925;B
20240119;100755;0.024525000;20000;9445364994;B
20240119;100756;0.024520000;2000000;9445365099;S
20240119;100758;0.024525000;10000;9445365395;B
20240119;100759;0.024520000;6700000;9445365486;S
20240119;100759;0.024525000;1000000;9445365501;B
20240119;100800;0.024525000;3500000;9445365661;B
20240119;100800;0.024525000;1000000;9445365680;B
20240119;100801;0.024520000;5000000;9445365683;S
20240119;100801;0.024525000;100000;9445365693;B
20240119;100802;0.024520000;500000;9445365903;S
20240119;100803;0.024520000;170000;9445365921;S
20240119;100803;0.024525000;80000;9445365969;B
20240119;100803;0.024520000;440000;9445366005;S
20240119;100804;0.024525000;20000;9445366119;B
20240119;100805;0.024520000;400000;9445366204;S
20240119;100805;0.024520000;2000000;9445366205;S
20240119;100806;0.024520000;30000;9445366526;S
20240119;100807;0.024520000;20000;9445366560;S
20240119;100807;0.024525000;50000;9445366607;B
20240119;100808;0.024525000;10000;9445366738;B
20240119;100808;0.024520000;1690000;9445366748;S
20240119;100809;0.024525000;120000;9445366986;B
20240119;100809;0.024520000;10650000;9445367088;S
20240119;100809;0.024520000;10000;9445367089;S
20240119;100809;0.024520000;10000;9445367090;S
20240119;100809;0.024520000;200000;9445367091;S
20240119;100809;0.024515000;20000;9445367092;S
20240119;100809;0.024515000;30000;9445367093;S
20240119;100809;0.024515000;10000;9445367094;S
20240119;100809;0.024515000;10000;9445367095;S
20240119;100809;0.024515000;40000;9445367096;S
20240119;100809;0.024515000;20000;9445367097;S
20240119;100809;0.024515000;10000;9445367098;S
20240119;100809;0.024515000;40000;9445367099;S
20240119;100809;0.024515000;80000;9445367100;S
20240119;100809;0.024515000;10000;9445367101;S
20240119;100809;0.024515000;10000;9445367102;S
20240119;100809;0.024515000;10000;9445367103;S
20240119;100809;0.024515000;10000;9445367104;S
20240119;100809;0.024515000;10000;9445367105;S
20240119;100809;0.024515000;10000;9445367106;S
20240119;100809;0.024515000;10000;9445367107;S
20240119;100809;0.024515000;30000;9445367108;S
20240119;100809;0.024515000;270000;9445367109;S
20240119;100809;0.024515000;30000;9445367110;S
20240119;100809;0.024515000;10000;9445367111;S
20240119;100809;0.024515000;10000;9445367112;S
20240119;100809;0.024515000;60000;9445367113;S
20240119;100809;0.024515000;1000000;9445367114;S
20240119;100809;0.024515000;50000;9445367115;S
20240119;100809;0.024515000;820000;9445367116;S
20240119;100809;0.024515000;500000;9445367117;S
20240119;100809;0.024515000;100000;9445367118;S
20240119;100809;0.024515000;10000;9445367119;S
20240119;100809;0.024515000;15000000;9445367120;S
20240119;100809;0.024515000;16310000;9445367121;S
20240119;100809;0.024515000;1390000;9445367122;S
20240119;100809;0.024515000;3210000;9445367123;S
20240119;100810;0.024510000;10000;9445367308;S
20240119;100811;0.024510000;240000;9445367355;S
20240119;100811;0.024510000;100000;9445367356;S
20240119;100811;0.024510000;50000;9445367357;S
20240119;100811;0.024510000;110000;9445367358;S
20240119;100811;0.024520000;1000000;9445367368;B
20240119;100811;0.024520000;120000;9445367414;B
20240119;100811;0.024520000;180000;9445367426;B
20240119;100812;0.024510000;150000;9445367440;S
20240119;100812;0.024510000;5860000;9445367512;S
20240119;100812;0.024520000;20000;9445367652;B
20240119;100813;0.024520000;2030000;9445367711;B
20240119;100814;0.024520000;10000;9445367873;B
20240119;100815;0.024520000;300000;9445367894;B
20240119;100816;0.024510000;9610000;9445368081;S
20240119;100816;0.024510000;2000000;9445368082;S
20240119;100816;0.024510000;50000;9445368083;S
20240119;100816;0.024510000;100000;9445368084;S
20240119;100816;0.024510000;40000000;9445368085;S
20240119;100816;0.024510000;200000;9445368086;S
20240119;100816;0.024510000;30000;9445368087;S
20240119;100816;0.024510000;1000000;9445368088;S
20240119;100817;0.024510000;5480000;9445368215;B
20240119;100817;0.024510000;1420000;9445368216;B
20240119;100817;0.024510000;3100000;9445368217;B
20240119;100817;0.024510000;320000;9445368246;B
20240119;100818;0.024510000;200000;9445368301;B
20240119;100818;0.024505000;10000;9445368332;S
20240119;100818;0.024505000;10000;9445368333;S
20240119;100818;0.024505000;20000;9445368334;S
20240119;100818;0.024510000;10000;9445368347;B
20240119;100819;0.024505000;30000;9445368398;S
20240119;100820;0.024505000;20000;9445368444;S
20240119;100820;0.024505000;30000;9445368449;S
20240119;100820;0.024505000;10000;9445368450;S
20240119;100820;0.024505000;10000;9445368451;S
20240119;100820;0.024505000;10000;9445368452;S
20240119;100820;0.024505000;150000;9445368453;S
20240119;100820;0.024505000;50000;9445368454;S
20240119;100820;0.024505000;200000;9445368455;S
20240119;100820;0.024505000;100000;9445368456;S
20240119;100820;0.024505000;100000;9445368457;S
20240119;100820;0.024505000;1200000;9445368458;S
20240119;100820;0.024505000;140000;9445368459;S
20240119;100821;0.024505000;3300000;9445368509;S
20240119;100821;0.024510000;50000;9445368533;B
20240119;100821;0.024510000;500000;9445368548;B
20240119;100821;0.024510000;200000;9445368558;B
20240119;100822;0.024510000;20000000;9445368622;B
20240119;100823;0.024505000;250000;9445368736;S
20240119;100823;0.024505000;5000000;9445368750;S
20240119;100824;0.024510000;10000;9445368934;B
20240119;100824;0.024505000;220000;9445368944;S
20240119;100826;0.024510000;30000;9445369111;B
20240119;100827;0.024510000;200000;9445369156;B
20240119;100827;0.024510000;110000;9445369159;B
20240119;100827;0.024505000;7500000;9445369160;S
20240119;100828;0.024510000;40000;9445369260;B
20240119;100829;0.024505000;1000000;9445369448;S
20240119;100830;0.024505000;1750000;9445369542;S
20240119;100830;0.024510000;10000;9445369553;B
20240119;100832;0.024510000;50000;9445369686;B
20240119;100837;0.024505000;60000;9445370105;S
20240119;100837;0.024505000;50000;9445370106;S
20240119;100837;0.024505000;290000;9445370107;S
20240119;100837;0.024505000;10000;9445370122;S
20240119;100837;0.024505000;90000;9445370123;S
20240119;100837;0.024510000;100000;9445370151;B
20240119;100837;0.024510000;150000;9445370152;B
20240119;100838;0.024505000;10150000;9445370200;S
20240119;100838;0.024505000;3500000;9445370232;S
20240119;100839;0.024505000;10000;9445370298;S
20240119;100841;0.024510000;570000;9445370485;B
20240119;100841;0.024510000;400000;9445370515;B
20240119;100841;0.024510000;100000;9445370586;B
20240119;100842;0.024510000;100000;9445370650;B
20240119;100843;0.024505000;8730000;9445370708;S
20240119;100843;0.024505000;10000;9445370709;S
20240119;100843;0.024505000;50000000;9445370710;S
20240119;100843;0.024505000;1420000;9445370711;S
20240119;100843;0.024505000;840000;9445370712;S
20240119;100844;0.024500000;10000;9445370839;S
20240119;100844;0.024500000;20000;9445370840;S
20240119;100844;0.024500000;20000;9445370841;S
20240119;100844;0.024500000;300000;9445370842;S
20240119;100844;0.024500000;10000;9445370843;S
20240119;100844;0.024500000;10000;9445370844;S
20240119;100844;0.024500000;30000;9445370845;S
20240119;100844;0.024500000;10000;9445370846;S
20240119;100844;0.024500000;10000;9445370847;S
20240119;100844;0.024500000;20000;9445370862;S
20240119;100844;0.024500000;60000;9445370863;S
20240119;100845;0.024500000;10000;9445370902;S
20240119;100845;0.024505000;10000;9445370910;B
20240119;100845;0.024505000;30000;9445370917;B
20240119;100845;0.024510000;3750000;9445370918;B
20240119;100845;0.024510000;390000;9445370919;B
20240119;100845;0.024510000;830000;9445370920;B
20240119;100845;0.024500000;1130000;9445370923;S
20240119;100845;0.024500000;10000;9445370924;S
20240119;100845;0.024500000;100000;9445370925;S
20240119;100845;0.024500000;300000;9445370926;S
20240119;100845;0.024500000;20000;9445370927;S
20240119;100845;0.024500000;10000;9445370928;S
20240119;100845;0.024500000;10000;9445370929;S
20240119;100845;0.024500000;500000;9445370930;S
20240119;100845;0.024500000;10000;9445370931;S
20240119;100845;0.024500000;10000;9445370932;S
20240119;100845;0.024500000;20000;9445370933;S
20240119;100845;0.024500000;20000;9445370934;S
20240119;100845;0.024500000;20000;9445370935;S
20240119;100845;0.024500000;1000000;9445370936;S
20240119;100845;0.024500000;100000;9445370937;S
20240119;100845;0.024500000;30000;9445370938;S
20240119;100845;0.024500000;10000;9445370939;S
20240119;100845;0.024500000;10000;9445370940;S
20240119;100845;0.024500000;1000000;9445370941;S
20240119;100845;0.024500000;10000;9445370942;S
20240119;100845;0.024500000;400000;9445370943;S
20240119;100845;0.024500000;100000;9445370944;S
20240119;100845;0.024500000;950000;9445370945;S
20240119;100845;0.024500000;10000;9445370947;S
20240119;100845;0.024500000;40000;9445370973;S
20240119;100845;0.024500000;10000;9445370974;S
20240119;100845;0.024500000;10000;9445370975;S
20240119;100845;0.024500000;400000;9445370976;S
20240119;100845;0.024500000;80000;9445370977;S
20240119;100845;0.024500000;30000;9445370978;S
20240119;100845;0.024500000;430000;9445370979;S
20240119;100845;0.024500000;1000000;9445370986;S
20240119;100845;0.024510000;20000;9445371000;B
20240119;100845;0.024500000;1570000;9445371002;S
20240119;100845;0.024500000;20000;9445371003;S
20240119;100845;0.024500000;20000;9445371004;S
20240119;100845;0.024500000;180000;9445371005;S
20240119;100845;0.024500000;10000;9445371006;S
20240119;100845;0.024500000;200000;9445371007;S
20240119;100845;0.024500000;500000;9445371008;S
20240119;100846;0.024500000;590000;9445371029;S
20240119;100846;0.024500000;910000;9445371131;S
20240119;100846;0.024500000;50000;9445371132;S
20240119;100846;0.024500000;3030000;9445371133;S
20240119;100847;0.024510000;10000;9445371187;B
20240119;100850;0.024510000;5000000;9445371509;B
20240119;100851;0.024510000;20000;9445371563;B
20240119;100851;0.024510000;2960000;9445371594;B
20240119;100851;0.024515000;1430000;9445371595;B
20240119;100851;0.024520000;4080000;9445371596;B
20240119;100851;0.024520000;1530000;9445371597;B
20240119;100851;0.024520000;680000;9445371611;B
20240119;100852;0.024520000;10000;9445371665;B
20240119;100854;0.024505000;12240000;9445371992;S
20240119;100854;0.024505000;6890000;9445371993;S
20240119;100854;0.024505000;1430000;9445371994;S
20240119;100854;0.024505000;250000;9445371995;S
20240119;100855;0.024500000;500000;9445372057;S
20240119;100855;0.024505000;10000;9445372085;B
20240119;100855;0.024500000;40000;9445372098;S
20240119;100856;0.024505000;10000;9445372104;B
20240119;100856;0.024505000;5050000;9445372160;B
20240119;100857;0.024505000;6900000;9445372202;B
20240119;100859;0.024510000;10000;9445372397;S
20240119;100859;0.024510000;500000;9445372430;S
20240119;100901;0.024525000;100000;9445372624;B
20240119;100905;0.024510000;20000;9445373024;S
20240119;100907;0.024510000;4750000;9445373124;S
20240119;100909;0.024510000;10000;9445373229;S
20240119;100909;0.024525000;320000;9445373268;B
20240119;100909;0.024525000;5000000;9445373269;B
20240119;100909;0.024525000;1000000;9445373270;B
20240119;100909;0.024525000;60000;9445373342;B
20240119;100912;0.024525000;70000;9445373643;B
20240119;100913;0.024525000;10000;9445373781;B
20240119;100914;0.024510000;2120000;9445373828;S
20240119;100914;0.024525000;90000;9445373910;B
20240119;100916;0.024525000;10000;9445374036;B
20240119;100916;0.024515000;10000;9445374040;S
20240119;100916;0.024515000;1440000;9445374041;S
20240119;100916;0.024515000;3550000;9445374042;S
20240119;100916;0.024525000;60000;9445374072;B
20240119;100916;0.024525000;6000000;9445374073;B
20240119;100916;0.024525000;10000;9445374074;B
20240119;100916;0.024525000;40000;9445374075;B
20240119;100916;0.024525000;1440000;9445374076;B
20240119;100916;0.024530000;2450000;9445374077;B
20240119;100916;0.024520000;20000;9445374088;S
20240119;100916;0.024510000;29290000;9445374089;S
20240119;100916;0.024510000;600000;9445374090;S
20240119;100918;0.024525000;70000;9445374316;B
20240119;100919;0.024515000;100000;9445374385;S
20240119;100919;0.024515000;50000;9445374386;S
20240119;100923;0.024525000;80000;9445374791;B
20240119;100924;0.024515000;300000;9445374828;S
20240119;100924;0.024525000;250000;9445374905;B
20240119;100924;0.024525000;150000;9445374906;B
20240119;100926;0.024525000;10000000;9445375055;B
20240119;100926;0.024525000;120000;9445375078;B
20240119;100928;0.024510000;200000;9445375357;S
20240119;100929;0.024525000;50000;9445375394;B
20240119;100929;0.024525000;20000000;9445375433;B
20240119;100933;0.024525000;10000;9445375713;B
20240119;100933;0.024515000;10000;9445375770;S
20240119;100934;0.024525000;40000;9445375977;B
20240119;100936;0.024515000;20000;9445376136;S
20240119;100936;0.024515000;100000;9445376148;S
20240119;100936;0.024525000;2000000;9445376190;B
20240119;100936;0.024515000;12110000;9445376239;S
20240119;100936;0.024515000;4080000;9445376240;S
20240119;100936;0.024515000;2580000;9445376241;S
20240119;100937;0.024525000;320000;9445376279;B
20240119;100937;0.024525000;50000;9445376280;B
20240119;100937;0.024525000;430000;9445376281;B
20240119;100938;0.024525000;10000;9445376413;B
20240119;100939;0.024525000;100000;9445376546;B
20240119;100939;0.024525000;460000;9445376570;B
20240119;100939;0.024525000;180000;9445376571;B
20240119;100940;0.024525000;10000;9445376620;S
20240119;100942;0.024525000;100000;9445376861;S
20240119;100942;0.024525000;50000;9445376862;S
20240119;100942;0.024520000;50000;9445376863;S
20240119;100943;0.024530000;20000;9445376975;B
20240119;100943;0.024530000;20000;9445376976;B
20240119;100944;0.024530000;10000;9445377047;B
20240119;100945;0.024530000;20000;9445377283;B
20240119;100945;0.024530000;30000;9445377284;B
20240119;100945;0.024530000;720000;9445377285;B
20240119;100951;0.024525000;100000;9445377946;S
20240119;100951;0.024520000;30000;9445377959;S
20240119;100952;0.024535000;3190000;9445378021;B
20240119;100953;0.024530000;10000;9445378163;S
20240119;100954;0.024535000;50000;9445378241;B
20240119;100954;0.024535000;50000;9445378242;B
20240119;100954;0.024540000;10000;9445378244;B
20240119;100954;0.024530000;40000;9445378253;S
20240119;100954;0.024525000;1400000;9445378254;S
20240119;100954;0.024525000;500000;9445378255;S
20240119;100954;0.024525000;50000;9445378256;S
20240119;100954;0.024520000;20000;9445378257;S
20240119;100954;0.024520000;490000;9445378258;S
20240119;100955;0.024540000;400000;9445378273;B
20240119;100957;0.024530000;10000;9445378541;B
20240119;100957;0.024530000;100000;9445378611;B
20240119;101000;0.024530000;10000;9445378850;B
20240119;101000;0.024530000;10000;9445378906;B
20240119;101000;0.024530000;20000;9445378911;B
20240119;101000;0.024530000;40000;9445378951;B
20240119;101001;0.024530000;80000;9445379030;B
20240119;101002;0.024530000;30000;9445379211;B
20240119;101007;0.024525000;1020000;9445380265;S
20240119;101008;0.024525000;510000;9445380391;S
20240119;101008;0.024530000;110000;9445380468;B
20240119;101010;0.024530000;40000;9445380681;B
20240119;101010;0.024530000;100000;9445380684;B
20240119;101012;0.024530000;4310000;9445380895;B
20240119;101012;0.024530000;10000;9445380896;B
20240119;101012;0.024530000;680000;9445380897;B
20240119;101013;0.024535000;110000;9445381105;B
20240119;101014;0.024520000;10000;9445381134;S
20240119;101015;0.024535000;100000;9445381353;B
20240119;101016;0.024535000;2000000;9445381478;B
20240119;101025;0.024530000;50000;9445382725;S
20240119;101027;0.024525000;10000;9445383026;S
20240119;101030;0.024535000;630000;9445383417;B
20240119;101033;0.024525000;10000;9445383775;S
20240119;101033;0.024525000;490000;9445383776;S
20240119;101033;0.024535000;10000;9445383869;B
20240119;101034;0.024535000;20000;9445383925;B
20240119;101034;0.024525000;410000;9445383996;S
20240119;101035;0.024535000;3000000;9445384124;B
20240119;101037;0.024525000;40000;9445384281;S
20240119;101039;0.024535000;10000;9445384408;B
20240119;101040;0.024535000;20000;9445384517;B
20240119;101042;0.024535000;10000;9445384760;B
20240119;101044;0.024535000;30000;9445384943;B
20240119;101044;0.024525000;20000;9445384947;S
20240119;101045;0.024535000;120000;9445385045;B
20240119;101046;0.024525000;50000;9445385125;S
20240119;101047;0.024525000;3340000;9445385341;S
20240119;101051;0.024535000;40000;9445385713;B
20240119;101051;0.024535000;10000;9445385783;B
20240119;101052;0.024530000;40000;9445385851;S
20240119;101053;0.024530000;2000000;9445385962;S
20240119;101053;0.024535000;6070000;9445386014;B
20240119;101054;0.024535000;120000;9445386099;B
20240119;101054;0.024535000;170000;9445386111;B
20240119;101055;0.024535000;10000;9445386216;B
20240119;101056;0.024535000;60000;9445386408;B
20240119;101058;0.024535000;100000;9445386588;B
20240119;101059;0.024535000;10000;9445386785;B
20240119;101059;0.024530000;10000;9445386788;S
20240119;101101;0.024535000;560000;9445387006;B
20240119;101101;0.024535000;20000;9445387007;B
20240119;101101;0.024540000;10000;9445387008;B
20240119;101101;0.024540000;290000;9445387009;B
20240119;101102;0.024540000;10000;9445387481;B
20240119;101108;0.024540000;10000;9445388019;B
20240119;101114;0.024535000;50000;9445388832;S
20240119;101115;0.024535000;50000;9445388939;S
20240119;101115;0.024535000;10000;9445388940;S
20240119;101116;0.024540000;20000;9445389033;B
20240119;101116;0.024540000;100000;9445389043;B
20240119;101117;0.024540000;1570000;9445389163;B
20240119;101117;0.024540000;10000000;9445389164;B
20240119;101117;0.024540000;1000000;9445389165;B
20240119;101117;0.024540000;1380000;9445389166;B
20240119;101117;0.024540000;4000000;9445389167;B
20240119;101117;0.024540000;10000;9445389169;S
20240119;101117;0.024540000;70000;9445389183;S
20240119;101118;0.024545000;100000;9445389367;B
20240119;101120;0.024540000;570000;9445389543;S
20240119;101120;0.024545000;2500000;9445389553;B
20240119;101121;0.024545000;100000;9445389666;B
20240119;101124;0.024540000;850000;9445390128;S
20240119;101124;0.024545000;120000;9445390132;B
20240119;101127;0.024545000;100000;9445390439;B
20240119;101127;0.024545000;60000;9445390457;B
20240119;101128;0.024540000;550000;9445390472;S
20240119;101128;0.024540000;10000;9445390473;S
20240119;101128;0.024540000;50000;9445390474;S
20240119;101128;0.024535000;100000;9445390475;S
20240119;101128;0.024535000;1300000;9445390476;S
20240119;101128;0.024545000;3020000;9445390484;B
20240119;101128;0.024545000;3000000;9445390485;B
20240119;101128;0.024545000;10000;9445390486;B
20240119;101128;0.024545000;1530000;9445390487;B
20240119;101128;0.024545000;1370000;9445390488;B
20240119;101128;0.024550000;1070000;9445390489;B
20240119;101129;0.024550000;10000;9445390571;B
20240119;101129;0.024550000;30000;9445390595;B
20240119;101130;0.024550000;4000000;9445390804;B
20240119;101131;0.024545000;10000;9445390807;S
20240119;101131;0.024540000;60000;9445390808;S
20240119;101132;0.024545000;10000;9445391005;B
20240119;101132;0.024550000;90000;9445391006;B
20240119;101133;0.024550000;60000;9445391111;B
20240119;101133;0.024545000;10000;9445391142;S
20240119;101135;0.024545000;80000;9445391377;S
20240119;101136;0.024550000;100000;9445391433;B
20240119;101138;0.024545000;210000;9445391810;S
20240119;101138;0.024545000;10000;9445391811;S
20240119;101140;0.024545000;10000;9445392045;B
20240119;101141;0.024540000;10000;9445392141;S
20240119;101141;0.024540000;10000;9445392170;S
20240119;101142;0.024545000;40000;9445392372;B
20240119;101142;0.024545000;10000;9445392383;B
20240119;101143;0.024545000;10000;9445392477;B
20240119;101145;0.024545000;50000;9445392653;B
20240119;101146;0.024540000;380000;9445392757;S
20240119;101146;0.024540000;10000;9445392758;S
20240119;101146;0.024540000;240000;9445392759;S
20240119;101146;0.024535000;10000;9445392760;S
20240119;101146;0.024535000;3360000;9445392761;S
20240119;101150;0.024545000;60000;9445393344;B
20240119;101152;0.024545000;10000;9445393491;B
20240119;101156;0.024545000;10000;9445393942;B
20240119;101157;0.024545000;1000000;9445394151;B
20240119;101200;0.024545000;70000;9445394343;B
20240119;101201;0.024535000;1560000;9445394433;S
20240119;101201;0.024535000;7490000;9445394434;S
20240119;101201;0.024535000;100000;9445394435;S
20240119;101201;0.024535000;10000;9445394436;S
20240119;101201;0.024535000;1000000;9445394488;B
20240119;101201;0.024535000;20000;9445394516;B
20240119;101204;0.024535000;960000;9445394760;B
20240119;101206;0.024535000;8860000;9445395160;B
20240119;101206;0.024540000;1140000;9445395161;B
20240119;101207;0.024540000;2410000;9445395232;B
20240119;101211;0.024545000;10000;9445395734;B
20240119;101212;0.024545000;10000;9445395927;B
20240119;101214;0.024545000;820000;9445396140;B
20240119;101216;0.024540000;300000;9445397122;S
20240119;101216;0.024545000;60000;9445397139;B
20240119;101216;0.024545000;40000;9445397192;B
20240119;101217;0.024540000;80000;9445397344;S
20240119;101218;0.024545000;10000;9445397407;B
20240119;101219;0.024545000;10000;9445397578;B
20240119;101219;0.024545000;10000;9445397600;B
20240119;101219;0.024545000;40000;9445397618;B
20240119;101220;0.024540000;500000;9445397743;S
20240119;101228;0.024545000;4790000;9445398559;B
20240119;101228;0.024545000;1000000;9445398560;B
20240119;101228;0.024545000;9510000;9445398561;B
20240119;101229;0.024550000;80000;9445398605;B
20240119;101233;0.024550000;10000;9445398984;B
20240119;101235;0.024550000;1320000;9445399155;B
20240119;101236;0.024550000;10000000;9445399634;B
20240119;101239;0.024550000;60000;9445400069;B
20240119;101240;0.024550000;40000;9445400135;B
20240119;101241;0.024545000;50000;9445400212;S
20240119;101243;0.024550000;10000;9445400447;B
20240119;101244;0.024550000;30000;9445400609;B
20240119;101246;0.024550000;40000;9445400752;B
20240119;101250;0.024550000;10000;9445401147;B
20240119;101254;0.024545000;7110000;9445401609;S
20240119;101254;0.024545000;210000;9445401610;S
20240119;101254;0.024545000;50000;9445401611;S
20240119;101254;0.024545000;10000000;9445401612;S
20240119;101254;0.024545000;4080000;9445401613;S
20240119;101254;0.024540000;144120000;9445401614;S
20240119;101254;0.024540000;20000;9445401615;S
20240119;101254;0.024540000;10000;9445401616;S
20240119;101254;0.024540000;1830000;9445401617;S
20240119;101254;0.024540000;8740000;9445401618;S
20240119;101254;0.024540000;10000;9445401619;S
20240119;101255;0.024540000;200000;9445401814;B
20240119;101256;0.024540000;20000;9445401941;B
20240119;101303;0.024545000;10000000;9445402725;B
20240119;101304;0.024545000;20000;9445402868;B
20240119;101312;0.024545000;40000;9445403633;B
20240119;101313;0.024545000;1460000;9445403719;B
20240119;101318;0.024545000;140000;9445404135;B
20240119;101319;0.024545000;10000;9445404150;B
20240119;101319;0.024545000;10000;9445404220;B
20240119;101321;0.024545000;50000;9445404393;B
20240119;101322;0.024545000;100000;9445404501;B
20240119;101323;0.024545000;50000;9445404680;B
20240119;101324;0.024545000;100000;9445404725;B
20240119;101324;0.024545000;10000;9445404746;B
20240119;101326;0.024545000;40000;9445404914;B
20240119;101327;0.024545000;310000;9445405079;B
20240119;101328;0.024545000;10000;9445405219;B
20240119;101328;0.024535000;10000;9445405273;S
20240119;101333;0.024545000;20000;9445405695;B
20240119;101333;0.024545000;10000;9445405789;B
20240119;101336;0.024545000;10000;9445406149;B
20240119;101337;0.024535000;30000;9445406164;S
20240119;101337;0.024545000;400000;9445406194;B
20240119;101338;0.024545000;100000;9445406390;B
20240119;101339;0.024545000;10000;9445406441;B
20240119;101339;0.024545000;200000;9445406447;B
20240119;101340;0.024545000;10000;9445406562;B
20240119;101341;0.024535000;150000;9445406698;S
20240119;101342;0.024540000;500000;9445406729;B
20240119;101344;0.024540000;100000;9445407072;B
20240119;101345;0.024540000;90000;9445407224;B
20240119;101345;0.024540000;1200000;9445407251;B
20240119;101348;0.024540000;10000;9445407583;B
20240119;101349;0.024540000;60000;9445407607;B
20240119;101349;0.024540000;810000;9445407612;B
20240119;101350;0.024540000;50000;9445407804;B
20240119;101355;0.024540000;100000;9445408439;B
20240119;101356;0.024535000;30000;9445408505;S
20240119;101358;0.024535000;790000;9445408641;S
20240119;101358;0.024535000;200000;9445408642;S
20240119;101358;0.024530000;10000;9445408643;S
20240119;101401;0.024540000;1000000;9445408990;B
20240119;101401;0.024530000;200000;9445409433;S
20240119;101402;0.024540000;50000;9445409514;B
20240119;101402;0.024540000;300000;9445409519;B
20240119;101402;0.024530000;500000;9445409553;S
20240119;101407;0.024530000;10000;9445410011;S
20240119;101408;0.024535000;10000;9445410150;B
20240119;101410;0.024535000;50000;9445410332;B
20240119;101411;0.024530000;370000;9445410419;S
20240119;101412;0.024535000;20000;9445410463;B
20240119;101412;0.024535000;60000;9445410464;B
20240119;101412;0.024540000;10000;9445410559;B
20240119;101412;0.024530000;400000;9445410568;S
20240119;101413;0.024540000;20000;9445410613;B
20240119;101413;0.024535000;10000;9445410635;B
20240119;101413;0.024535000;230000;9445410669;B
20240119;101415;0.024535000;30000;9445410793;B
20240119;101416;0.024530000;520000;9445410926;S
20240119;101416;0.024535000;1000000;9445410951;B
20240119;101416;0.024535000;10000;9445410953;B
20240119;101417;0.024535000;20000;9445410972;B
20240119;101418;0.024535000;100000;9445411231;B
20240119;101418;0.024535000;10000;9445411255;B
20240119;101419;0.024535000;1190000;9445411405;B
20240119;101419;0.024540000;1000000;9445411406;B
20240119;101419;0.024540000;2190000;9445411407;B
20240119;101420;0.024540000;10000;9445411431;B
20240119;101422;0.024540000;10000;9445411597;B
20240119;101423;0.024540000;130000;9445411662;B
20240119;101424;0.024540000;80000;9445411884;B
20240119;101426;0.024540000;20000;9445412114;B
20240119;101427;0.024540000;10000;9445412176;B
20240119;101428;0.024535000;10000;9445412224;S
20240119;101428;0.024540000;3160000;9445412321;B
20240119;101431;0.024540000;10000;9445412554;B
20240119;101432;0.024545000;20000;9445412716;B
20240119;101437;0.024545000;10000;9445413298;B
20240119;101439;0.024535000;10000;9445413600;S
20240119;101439;0.024535000;10000;9445413601;S
20240119;101439;0.024540000;10000;9445413645;B
20240119;101441;0.024540000;30000;9445413790;B
20240119;101441;0.024540000;100000;9445413818;B
20240119;101441;0.024540000;10000;9445413825;B
20240119;101442;0.024535000;240000;9445413890;S
20240119;101442;0.024535000;100000;9445413891;S
20240119;101442;0.024530000;6940000;9445413892;S
20240119;101442;0.024530000;10000;9445413893;S
20240119;101442;0.024530000;10000;9445413894;S
20240119;101442;0.024530000;10000;9445413895;S
20240119;101442;0.024530000;120000;9445413896;S
20240119;101442;0.024530000;30000;9445413897;S
20240119;101442;0.024530000;200000;9445413898;S
20240119;101442;0.024530000;190000;9445413899;S
20240119;101442;0.024530000;10000;9445413900;S
20240119;101442;0.024530000;7890000;9445413901;S
20240119;101442;0.024530000;1000000;9445413902;S
20240119;101442;0.024530000;1760000;9445413903;S
20240119;101442;0.024530000;50000;9445413904;S
20240119;101442;0.024525000;10000;9445413905;S
20240119;101442;0.024525000;20000;9445413906;S
20240119;101442;0.024525000;6000000;9445413907;S
20240119;101442;0.024525000;10000;9445413908;S
20240119;101442;0.024525000;1000000;9445413909;S
20240119;101442;0.024525000;1000000;9445413910;S
20240119;101442;0.024525000;3400000;9445413911;S
20240119;101442;0.024530000;30000;9445413981;B
20240119;101443;0.024520000;100000;9445413987;S
20240119;101445;0.024530000;20000;9445414247;B
20240119;101445;0.024525000;20000;9445414263;S
20240119;101447;0.024530000;80000;9445415110;B
20240119;101447;0.024535000;650000;9445415111;B
20240119;101448;0.024535000;50000;9445415361;B
20240119;101449;0.024535000;10000;9445415574;B
20240119;101450;0.024535000;10000;9445415643;B
20240119;101455;0.024525000;100000;9445416215;S
20240119;101455;0.024520000;90000;9445416216;S
20240119;101458;0.024530000;10000;9445416718;B
20240119;101459;0.024530000;100000;9445416761;B
20240119;101500;0.024520000;20000;9445416886;S
20240119;101503;0.024530000;10000;9445417485;B
20240119;101503;0.024530000;10000;9445417551;B
20240119;101503;0.024520000;10000;9445417631;S
20240119;101504;0.024530000;50000;9445417806;B
20240119;101505;0.024530000;10000;9445417956;B
20240119;101506;0.024530000;10000;9445417984;B
20240119;101508;0.024530000;10000;9445418437;B
20240119;101509;0.024520000;30000;9445418833;S
20240119;101509;0.024530000;90000;9445418835;B
20240119;101510;0.024530000;70000;9445418886;B
20240119;101510;0.024530000;200000;9445418897;B
20240119;101510;0.024520000;20000;9445418943;S
20240119;101512;0.024520000;20000;9445419415;S
20240119;101515;0.024530000;10000;9445420043;B
20240119;101515;0.024530000;10000;9445420049;B
20240119;101516;0.024530000;10000;9445420213;B
20240119;101516;0.024520000;50000;9445420290;S
20240119;101517;0.024530000;40000;9445420411;B
20240119;101517;0.024520000;10000;9445420465;S
20240119;101518;0.024530000;10000;9445420698;B
20240119;101518;0.024520000;10000;9445420838;S
20240119;101518;0.024520000;10000;9445420842;S
20240119;101519;0.024520000;1620000;9445421013;S
20240119;101519;0.024520000;5180000;9445421014;S
20240119;101520;0.024520000;500000;9445421172;S
20240119;101520;0.024530000;50000;9445421370;B
20240119;101521;0.024520000;110000;9445421376;S
20240119;101521;0.024530000;270000;9445421551;B
20240119;101522;0.024520000;10000;9445421666;S
20240119;101522;0.024520000;30000;9445421667;S
20240119;101522;0.024520000;10000;9445421668;S
20240119;101522;0.024520000;20000;9445421669;S
20240119;101522;0.024520000;20000;9445421706;S
20240119;101522;0.024520000;10000;9445421707;S
20240119;101522;0.024520000;10000;9445421818;S
20240119;101523;0.024520000;2500000;9445422003;S
20240119;101524;0.024520000;230000;9445422138;S
20240119;101526;0.024520000;750000;9445422656;S
20240119;101526;0.024520000;2000000;9445422657;S
20240119;101526;0.024520000;250000;9445422658;S
20240119;101526;0.024520000;100000;9445422659;S
20240119;101526;0.024520000;200000;9445422660;S
20240119;101526;0.024520000;10000;9445422661;S
20240119;101526;0.024520000;10000;9445422662;S
20240119;101526;0.024515000;6000000;9445422663;S
20240119;101526;0.024515000;30000;9445422664;S
20240119;101526;0.024515000;20000;9445422665;S
20240119;101526;0.024515000;630000;9445422666;S
20240119;101526;0.024520000;50000;9445422716;B
20240119;101527;0.024520000;70000;9445422844;B
20240119;101528;0.024525000;10000;9445423034;B
20240119;101528;0.024525000;10000;9445423084;B
20240119;101529;0.024520000;10000;9445423402;B
20240119;101530;0.024515000;1470000;9445423457;S
20240119;101533;0.024520000;10000;9445423875;B
20240119;101533;0.024520000;20000;9445423890;B
20240119;101533;0.024520000;1000000;9445424000;B
20240119;101538;0.024515000;330000;9445424927;S
20240119;101539;0.024515000;680000;9445425216;S
20240119;101539;0.024515000;10000000;9445425299;S
20240119;101539;0.024520000;10000;9445425319;B
20240119;101540;0.024520000;40000;9445425615;B
20240119;101540;0.024520000;1000000;9445425702;B
20240119;101540;0.024515000;50000;9445425725;S
20240119;101541;0.024520000;10000;9445425852;B
20240119;101541;0.024520000;10000;9445425876;B
20240119;101541;0.024520000;390000;9445425882;B
20240119;101541;0.024520000;610000;9445425883;B
20240119;101542;0.024515000;76840000;9445425996;S
20240119;101542;0.024515000;40000;9445425997;S
20240119;101542;0.024515000;10000;9445425998;S
20240119;101542;0.024515000;3000000;9445425999;S
20240119;101542;0.024515000;200000;9445426000;S
20240119;101542;0.024515000;10000;9445426001;S
20240119;101542;0.024510000;3610000;9445426002;S
20240119;101542;0.024510000;200000;9445426003;S
20240119;101542;0.024510000;6090000;9445426004;S
20240119;101542;0.024510000;10000;9445426094;S
20240119;101543;0.024515000;10000;9445426184;B
20240119;101543;0.024510000;5000000;9445426213;S
20240119;101543;0.024515000;1000000;9445426236;B
20240119;101543;0.024515000;10000;9445426241;B
20240119;101544;0.024515000;10000;9445426271;B
20240119;101544;0.024515000;300000;9445426304;B
20240119;101544;0.024510000;30000;9445426377;S
20240119;101544;0.024515000;470000;9445426388;B
20240119;101544;0.024515000;20000;9445426396;B
20240119;101545;0.024510000;8870000;9445426620;S
20240119;101545;0.024510000;50000;9445426621;S
20240119;101545;0.024510000;400000;9445426622;S
20240119;101545;0.024510000;10000;9445426623;S
20240119;101545;0.024510000;10000000;9445426624;S
20240119;101545;0.024510000;1800000;9445426625;S
20240119;101545;0.024510000;1000000;9445426626;S
20240119;101545;0.024510000;30000;9445426627;S
20240119;101545;0.024510000;60000000;9445426628;S
20240119;101545;0.024505000;20280000;9445426629;S
20240119;101545;0.024505000;10000;9445426630;S
20240119;101545;0.024505000;50000;9445426631;S
20240119;101545;0.024505000;30000;9445426632;S
20240119;101545;0.024505000;10000;9445426633;S
20240119;101545;0.024505000;24670000;9445426634;S
20240119;101546;0.024505000;100000;9445426646;S
20240119;101546;0.024505000;230000;9445426684;S
20240119;101546;0.024505000;10000;9445426685;S
20240119;101546;0.024505000;1000000;9445426686;S
20240119;101546;0.024505000;30000;9445426687;S
20240119;101546;0.024505000;5000000;9445426688;S
20240119;101546;0.024505000;10000;9445426689;S
20240119;101546;0.024505000;20000;9445426690;S
20240119;101546;0.024505000;250000;9445426691;S
20240119;101546;0.024505000;2000000;9445426692;S
20240119;101546;0.024505000;10000;9445426693;S
20240119;101546;0.024505000;300000;9445426694;S
20240119;101546;0.024505000;60000;9445426695;S
20240119;101546;0.024505000;10000;9445426696;S
20240119;101546;0.024500000;1430000;9445426697;S
20240119;101546;0.024500000;20000;9445426698;S
20240119;101546;0.024500000;200000;9445426699;S
20240119;101546;0.024500000;10000;9445426700;S
20240119;101546;0.024500000;40000;9445426701;S
20240119;101546;0.024500000;10000;9445426702;S
20240119;101546;0.024500000;10000;9445426703;S
20240119;101546;0.024500000;28560000;9445426704;S
20240119;101546;0.024500000;10000;9445426705;S
20240119;101546;0.024500000;50000;9445426706;S
20240119;101546;0.024500000;20000;9445426707;S
20240119;101546;0.024500000;200000;9445426708;S
20240119;101546;0.024500000;10510000;9445426709;S
20240119;101546;0.024500000;5000000;9445426746;S
20240119;101547;0.024505000;20000;9445426859;B
20240119;101547;0.024500000;43000000;9445426968;S
20240119;101548;0.024500000;25000000;9445427096;S
20240119;101548;0.024505000;200000;9445427133;B
20240119;101549;0.024500000;1000000;9445427205;S
20240119;101549;0.024505000;40000;9445427236;B
20240119;101549;0.024500000;26000000;9445427262;S
20240119;101549;0.024500000;250000;9445427263;S
20240119;101549;0.024500000;10000;9445427264;S
20240119;101549;0.024500000;400000;9445427265;S
20240119;101549;0.024500000;100000;9445427266;S
20240119;101549;0.024500000;600000;9445427267;S
20240119;101549;0.024500000;10000;9445427268;S
20240119;101549;0.024500000;10000;9445427269;S
20240119;101549;0.024500000;10000;9445427270;S
20240119;101549;0.024500000;2000000;9445427271;S
20240119;101549;0.024500000;10000;9445427272;S
20240119;101549;0.024500000;22240000;9445427273;S
20240119;101549;0.024500000;200000;9445427274;S
20240119;101549;0.024500000;10000;9445427275;S
20240119;101549;0.024500000;10000;9445427276;S
20240119;101549;0.024500000;10000;9445427277;S
20240119;101549;0.024500000;10000;9445427278;S
20240119;101549;0.024500000;80000;9445427279;S
20240119;101549;0.024500000;10000;9445427280;S
20240119;101549;0.024500000;2500000;9445427281;S
20240119;101549;0.024500000;50000;9445427282;S
20240119;101549;0.024500000;10000000;9445427283;S
20240119;101549;0.024500000;10000;9445427284;S
20240119;101549;0.024500000;130000;9445427285;S
20240119;101549;0.024500000;50000;9445427286;S
20240119;101549;0.024500000;20000;9445427287;S
20240119;101549;0.024500000;500000;9445427288;S
20240119;101549;0.024500000;20000;9445427289;S
20240119;101549;0.024500000;60000;9445427290;S
